                                  MUMBAI DISTRICT CENTRAL CO-OP. BANK LTD.,0002-PALTON ROAD                                  
                           A B Shah Market,1st floor, Near Rly.Station,Masjid Bunder Mumbai 400003                           

Current Date  :18-Mar-2017                                                                                  UserId : REPORT02
Time : 15:31:47 PM                                                                                                Page :1 / 43
                                                    Statement Of Account                                                     
                                              From  01-Apr-2012  to  18-Mar-2017                                             

   Accountno :00021101000476
   Name: SHREYAS SEA FOOD SUPPLIERS
   Address :SHIV SHAKT,SHAMBHAJI NAGAR,SHIVNERI CHAWL
   ST ANTHONY RS, NR KARNATAKA HIGH SCHOOL,CHEMBUR
   MUMBAI - 400071
   Limit:0                                 INR
   Joint Holder:
=============================================================================================================================
 Trans. Date | Particulars                                   | InstNo |      Debit Amt. |     Credit Amt. |         Balance |
=============================================================================================================================
 Opening Bal |                                                                                                    105152.00 |
 07-Apr-2012 | TO INW CLG : 765973/5001056\765973            | 765973 |        10000.00 |                 |        95152.00 |
 07-Apr-2012 | TO INW CLG : 764209/5001056\764209            | 764209 |        14568.00 |                 |        80584.00 |
 18-Apr-2012 | BY CLG 15001076/2735/004-545618               |        |                 |        50000.00 |       130584.00 |
 19-Apr-2012 | TO TRANSFER 11/01/462                         | 766902 |        10845.00 |                 |       119739.00 |
 20-Apr-2012 | TO INW CLG : 766904/5001066\766904            | 766904 |         5800.00 |                 |       113939.00 |
 20-Apr-2012 | TO INW CLG : 765975/5001066\765975            | 765975 |        13375.00 |                 |       100564.00 |
 20-Apr-2012 | TO INW CLG : 766903/5001066\766903            | 766903 |         8420.00 |                 |        92144.00 |
 21-Apr-2012 | TO INW CLG : 765974/5001067\765974            | 765974 |        26600.00 |                 |        65544.00 |
 21-Apr-2012 | TO INW CLG : 766906/5001067\766906            | 766906 |        13590.00 |                 |        51954.00 |
 21-Apr-2012 | TO INW CLG : 766905/5001067\766905            | 766905 |        10520.00 |                 |        41434.00 |
 24-Apr-2012 | TO INW CLG : 766901/5001069\766901            | 766901 |         4860.00 |                 |        36574.00 |
 30-Apr-2012 | BY CLG 15001086/1166/004-545643               |        |                 |        72380.00 |       108954.00 |
 30-Apr-2012 | TO TRANSFER11/01/509/GANESH FISH              | 766909 |        12230.00 |                 |        96724.00 |
 02-May-2012 | TO INW CLG : 766907/5001075\766907            | 766907 |        22710.00 |                 |        74014.00 |
 02-May-2012 | BY TRANSFER/11/01/510/AKASH FISH TRADERAS     |        |                 |        51880.00 |       125894.00 |
 07-May-2012 | BY CASH                                       |        |                 |        55000.00 |       180894.00 |
 08-May-2012 | BY CLG 15001092/1385/004-817339               |        |                 |        12890.00 |       193784.00 |
 11-May-2012 | TO INW CLG : 766910/5001083\766910            | 766910 |        70000.00 |                 |       123784.00 |
 17-May-2012 | TO INW CLG : 766911/5001088\766911            | 766911 |         9170.00 |                 |       114614.00 |
 18-May-2012 | BY CASH                                       |        |                 |        86000.00 |       200614.00 |
 18-May-2012 | TO CHEQUEBOOK ISSUE CHARGES                   |        |           55.00 |                 |       200559.00 |
 21-May-2012 | TO CASH/AKHBAR KHAN                           | 766912 |         8450.00 |                 |       192109.00 |
 21-May-2012 | TO TRAN/11/01/491/S M FISH CO.                | 766914 |         8205.00 |                 |       183904.00 |
 21-May-2012 | TO TR/11/01/501/LUCKY FISH TRADERS            | 766913 |        13500.00 |                 |       170404.00 |
 30-May-2012 | BY CASH                                       |        |                 |        40000.00 |       210404.00 |
 30-May-2012 | TO TRANSFER/11/01/482/REAL FRESH FISH         | 766917 |        23935.00 |                 |       186469.00 |
 31-May-2012 | TO INW CLG : 766915/5001100\766915            | 766915 |        15321.00 |                 |       171148.00 |
 31-May-2012 | TO INW CLG : 766918/5001100\766918            | 766918 |        15675.00 |                 |       155473.00 |
 01-Jun-2012 | TO TRANSFER11/01/426                          | 766920 |         8135.00 |                 |       147338.00 |
 02-Jun-2012 | TO INW CLG : 766921/5001102\766921            | 766921 |        36478.00 |                 |       110860.00 |
 02-Jun-2012 | TO INW CLG : 766919/5001102\766919            | 766919 |        26435.00 |                 |        84425.00 |
 04-Jun-2012 | TO CASH/AN\MIN DEVANI                         | 766923 |         9365.00 |                 |        75060.00 |
 04-Jun-2012 | TO CASH/GULABRAO R PATIL                      | 766924 |         9350.00 |                 |        65710.00 |
 04-Jun-2012 | TO CASH/SELF                                  | 766916 |        12882.00 |                 |        52828.00 |
 04-Jun-2012 | TO INW CLG : 766922/5001103\766922            | 766922 |         5000.00 |                 |        47828.00 |
 25-Jun-2012 | TO INW CLG : 766925/5001121\766925            | 766925 |        15500.00 |                 |        32328.00 |
 27-Jun-2012 | BY CASH                                       |        |                 |        27000.00 |        59328.00 |
 30-Jun-2012 | TO INW CLG : 769951/5001126\769951            | 769951 |        31700.00 |                 |        27628.00 |
 05-Jul-2012 | BY CASH                                       |        |                 |        85000.00 |       112628.00 |
 12-Jul-2012 | TO CASH/DADU R CHORGE                         | 769955 |        28200.00 |                 |        84428.00 |
 12-Jul-2012 | TO TRAN/10/01/8802/S N SHAIKH                 | 769954 |        15400.00 |                 |        69028.00 |
 13-Jul-2012 | TO INW CLG : 769952/5001137\769952            | 769952 |        17420.00 |                 |        51608.00 |
 14-Jul-2012 | TO INW CLG : 769956/5001138\769956            | 769956 |         8150.00 |                 |        43458.00 |
 23-Jul-2012 | TO INW CLG : 769957/5001145\769957            | 769957 |        12000.00 |                 |        31458.00 |
 26-Jul-2012 | TO INW CLG : 769958/5001148\769958            | 769958 |        15900.00 |                 |        15558.00 |
 31-Jul-2012 | BY CASH                                       |        |                 |        93500.00 |       109058.00 |
 01-Aug-2012 | TO CHEQUEBOOK ISSUE CHARGES                   |        |           55.00 |                 |       109003.00 |
 02-Aug-2012 | TO INW CLG : 769960/5001154\769960            | 769960 |        10700.00 |                 |        98303.00 |
-----------------------------------------------------------------------------------------------------------------------------

                                  MUMBAI DISTRICT CENTRAL CO-OP. BANK LTD.,0002-PALTON ROAD                                  
                           A B Shah Market,1st floor, Near Rly.Station,Masjid Bunder Mumbai 400003                           

Current Date  :18-Mar-2017                                                                                  UserId : REPORT02
Time : 15:31:47 PM                                                                                                Page :2 / 43
                                                    Statement Of Account                                                     
                                              From  01-Apr-2012  to  18-Mar-2017                                             

   Accountno :00021101000476
   Name: SHREYAS SEA FOOD SUPPLIERS
   Address :SHIV SHAKT,SHAMBHAJI NAGAR,SHIVNERI CHAWL
   ST ANTHONY RS, NR KARNATAKA HIGH SCHOOL,CHEMBUR
   MUMBAI - 400071
   Limit:0                                 INR
   Joint Holder:
=============================================================================================================================
 Trans. Date | Particulars                                   | InstNo |      Debit Amt. |     Credit Amt. |         Balance |
=============================================================================================================================
 Opening Bal |                                                                                                     98303.00 |
 09-Aug-2012 | TO INW CLG : 769959/5001160\769959            | 769959 |        50000.00 |                 |        48303.00 |
 16-Aug-2012 | TO INW CLG : 769961/5001165\769961            | 769961 |        24400.00 |                 |        23903.00 |
 18-Sep-2012 | BY CASH                                       |        |                 |        45000.00 |        68903.00 |
 28-Sep-2012 | TO INW CLG : 769963/5001199\769963            | 769963 |        10360.00 |                 |        58543.00 |
 28-Sep-2012 | TO INW CLG : 769962/5001199\769962            | 769962 |        18390.00 |                 |        40153.00 |
 30-Sep-2012 | TO INCIDENTAL CHARGES                         |        |          168.54 |                 |        39984.46 |
 10-Oct-2012 | BY CASH                                       |        |                 |        50000.00 |        89984.46 |
 16-Oct-2012 | TO INW CLG : 754096/5001212\754096            | 754096 |        32864.00 |                 |        57120.46 |
 16-Oct-2012 | TO INW CLG : 754097/5001212\754097            | 754097 |        12640.00 |                 |        44480.46 |
 20-Oct-2012 | SACHIN S VAJARE                               | 769965 |         7940.00 |                 |        36540.46 |
 22-Oct-2012 | TO INW CLG : 769967/5001217\769967            | 769967 |        10095.00 |                 |        26445.46 |
 22-Oct-2012 | TO INW CLG : 769964/5001217\769964            | 769964 |        11405.00 |                 |        15040.46 |
 25-Oct-2012 | TO INW CLG : 769966/5001219\769966            | 769966 |         4765.00 |                 |        10275.46 |
 29-Oct-2012 | BY CASH                                       |        |                 |        22000.00 |        32275.46 |
 30-Oct-2012 | TO INW CLG : 769968/5001222\769968            | 769968 |        18560.00 |                 |        13715.46 |
 07-Nov-2012 | BY CASH                                       |        |                 |        27000.00 |        40715.46 |
 21-Nov-2012 | TO INW CLG : 769971/5001239\769971            | 769971 |        10215.00 |                 |        30500.46 |
 22-Nov-2012 | TO INW CLG : 769969/5001240\769969            | 769969 |         9200.00 |                 |        21300.46 |
 27-Nov-2012 | BY CASH                                       |        |                 |        15000.00 |        36300.46 |
 27-Nov-2012 | TO INW CLG : 769970/5001244\769970            | 769970 |        15730.00 |                 |        20570.46 |
 30-Nov-2012 | TO INW CLG : 769972/5001246\769972            | 769972 |        10590.00 |                 |         9980.46 |
 13-Dec-2012 | BY CASH                                       |        |                 |        50000.00 |        59980.46 |
 14-Dec-2012 | TO INW CLG : 769974/5001258\769974            | 769974 |        19215.00 |                 |        40765.46 |
 17-Dec-2012 | TO INW CLG : 769975/5001260\769975            | 769975 |         8106.00 |                 |        32659.46 |
 18-Dec-2012 | BY CLG /777505/15001273/2163/004              | 777505 |                 |        20000.00 |        52659.46 |
 18-Dec-2012 | TO TRANSFER/11/01/501.                        | 772977 |        14830.00 |                 |        37829.46 |
 18-Dec-2012 | BY CASH                                       |        |                 |        20000.00 |        57829.46 |
 18-Dec-2012 | TO TRANSFER/11/01/519.                        | 772981 |         9760.00 |                 |        48069.46 |
 19-Dec-2012 | BY CLG /777506/15001274/2552/004              | 777506 |                 |        20000.00 |        68069.46 |
 19-Dec-2012 | TO INW CLG : 772976/5001262\772976            | 772976 |        10000.00 |                 |        58069.46 |
 20-Dec-2012 | BY CASH                                       |        |                 |        28000.00 |        86069.46 |
 20-Dec-2012 | TO INW CLG : 772980/5001263\772980            | 772980 |        10500.00 |                 |        75569.46 |
 21-Dec-2012 | TO INW CLG : 772978/5001264\772978            | 772978 |        15070.00 |                 |        60499.46 |
 21-Dec-2012 | TO INW CLG : 772979/5001264\772979            | 772979 |         9925.00 |                 |        50574.46 |
 21-Dec-2012 | TO INW CLG : 772982/5001264\772982            | 772982 |        15850.00 |                 |        34724.46 |
 26-Dec-2012 | BY CASH                                       |        |                 |        40000.00 |        74724.46 |
 27-Dec-2012 | TO CASH CHALKE L R                            | 772983 |         9640.00 |                 |        65084.46 |
 27-Dec-2012 | TO TR 11/01/491                               | 772984 |         4700.00 |                 |        60384.46 |
 08-Jan-2013 | BY CASH                                       |        |                 |        72100.00 |       132484.46 |
 10-Jan-2013 | BY CLG /900186/15001292/149/004               | 900186 |                 |        60000.00 |       192484.46 |
 16-Jan-2013 | TO INW CLG : 772987/5001285\772987            | 772987 |        13185.00 |                 |       179299.46 |
 16-Jan-2013 | TO INW CLG : 772986/5001285\772986            | 772986 |         7882.00 |                 |       171417.46 |
 17-Jan-2013 | BY CASH                                       |        |                 |        45370.00 |       216787.46 |
 17-Jan-2013 | TO INW CLG : 772985/5001286\772985            | 772985 |        23026.00 |                 |       193761.46 |
 17-Jan-2013 | TO CHEQUEBOOK ISSUE CHARGES                   |        |          168.00 |                 |       193593.46 |
 18-Jan-2013 | BY CLG /94971/15001299/1861/004               |  94971 |                 |        90000.00 |       283593.46 |
 18-Jan-2013 | TO INW CLG : 772992/5001287\772992            | 772992 |         5000.00 |                 |       278593.46 |
 18-Jan-2013 | TO INW CLG : 772991/5001287\772991            | 772991 |         8753.00 |                 |       269840.46 |
-----------------------------------------------------------------------------------------------------------------------------

                                  MUMBAI DISTRICT CENTRAL CO-OP. BANK LTD.,0002-PALTON ROAD                                  
                           A B Shah Market,1st floor, Near Rly.Station,Masjid Bunder Mumbai 400003                           

Current Date  :18-Mar-2017                                                                                  UserId : REPORT02
Time : 15:31:47 PM                                                                                                Page :3 / 43
                                                    Statement Of Account                                                     
                                              From  01-Apr-2012  to  18-Mar-2017                                             

   Accountno :00021101000476
   Name: SHREYAS SEA FOOD SUPPLIERS
   Address :SHIV SHAKT,SHAMBHAJI NAGAR,SHIVNERI CHAWL
   ST ANTHONY RS, NR KARNATAKA HIGH SCHOOL,CHEMBUR
   MUMBAI - 400071
   Limit:0                                 INR
   Joint Holder:
=============================================================================================================================
 Trans. Date | Particulars                                   | InstNo |      Debit Amt. |     Credit Amt. |         Balance |
=============================================================================================================================
 Opening Bal |                                                                                                    269840.46 |
 18-Jan-2013 | TO INW CLG : 772990/5001287\772990            | 772990 |        15350.00 |                 |       254490.46 |
 19-Jan-2013 | TO INW CLG : 772989/5001288\772989            | 772989 |         9360.00 |                 |       245130.46 |
 19-Jan-2013 | TO INW CLG : 772993/5001288\772993            | 772993 |        36073.00 |                 |       209057.46 |
 21-Jan-2013 | CASH SHAIKH FAROOQUE                          | 772999 |        20830.00 |                 |       188227.46 |
 21-Jan-2013 | TO INW CLG : 772994/5001289\772994            | 772994 |        22020.00 |                 |       166207.46 |
 21-Jan-2013 | TO INW CLG : 772996/5001289\772996            | 772996 |         8950.00 |                 |       157257.46 |
 22-Jan-2013 | TO INW CLG : 773000/5001290\773000            | 773000 |        21300.00 |                 |       135957.46 |
 22-Jan-2013 | TO INW CLG : 772997/5001290\772997            | 772997 |         7140.00 |                 |       128817.46 |
 23-Jan-2013 | TO INW CLG : 772995/5001291\772995            | 772995 |        13385.00 |                 |       115432.46 |
 30-Jan-2013 | TO INW CLG : 772998/5001295\772998            | 772998 |         9150.00 |                 |       106282.46 |
 04-Feb-2013 | BY CASH                                       |        |                 |        76000.00 |       182282.46 |
 12-Feb-2013 | BY CLG /623247/15001319/2060/004              | 623247 |                 |        45500.00 |       227782.46 |
 15-Feb-2013 | TO INW CLG : 910303/5001309\910303            | 910303 |         5413.00 |                 |       222369.46 |
 15-Feb-2013 | TO INW CLG : 910302/5001309\910302            | 910302 |         6600.00 |                 |       215769.46 |
 15-Feb-2013 | TO INW CLG : 910304/5001309\910304            | 910304 |        16200.00 |                 |       199569.46 |
 15-Feb-2013 | TO INW CLG : 910301/5001309\910301            | 910301 |         4390.00 |                 |       195179.46 |
 16-Feb-2013 | TO INW CLG : 910306/5001310\910306            | 910306 |        13520.00 |                 |       181659.46 |
 16-Feb-2013 | TO INW CLG : 910305/5001310\910305            | 910305 |         7390.00 |                 |       174269.46 |
 18-Feb-2013 | TO INW CLG : 910307/5001311\910307            | 910307 |        50000.00 |                 |       124269.46 |
 23-Feb-2013 | SHASHIKANT SHEWALE                            | 910309 |        20500.00 |                 |       103769.46 |
 25-Feb-2013 | TO INW CLG : 910308/5001314\910308            | 910308 |        42000.00 |                 |        61769.46 |
 27-Feb-2013 | TO INW CLG : 910310/5001316\910310            | 910310 |         8060.00 |                 |        53709.46 |
 01-Mar-2013 | TO CASHMORE S H                               | 910311 |         8340.00 |                 |        45369.46 |
 21-Mar-2013 | TO TRANSFER/11/01/469                         | 910312 |         8400.00 |                 |        36969.46 |
 22-Mar-2013 | BY CASH                                       |        |                 |       145000.00 |       181969.46 |
 22-Mar-2013 | TO INW CLG : 910313/5001336\910313            | 910313 |         9180.00 |                 |       172789.46 |
 23-Mar-2013 | TO INW CLG : 910314/5001337\910314            | 910314 |        10206.00 |                 |       162583.46 |
 28-Mar-2013 | S B SALUNKHE                                  | 910318 |       110000.00 |                 |        52583.46 |
 30-Mar-2013 | TO INW CLG : 910316/5001341\910316            | 910316 |        17090.00 |                 |        35493.46 |
 30-Mar-2013 | TO INCIDENTAL CHARGES                         |        |          168.54 |                 |        35324.92 |
 02-Apr-2013 | TO TRANSFER/11/01/482                         | 910317 |        11587.00 |                 |        23737.92 |
 03-Apr-2013 | TO INW CLG : 910315/5001343\910315            | 910315 |         8850.00 |                 |        14887.92 |
 13-Apr-2013 | BY CASH                                       |        |                 |       100700.00 |       115587.92 |
 17-Apr-2013 | ABUBAKAR UMAR MEMON                           | 910320 |        18600.00 |                 |        96987.92 |
 17-Apr-2013 | TO TRANSFER/11/01/501.                        | 910321 |         9900.00 |                 |        87087.92 |
 18-Apr-2013 | ADAM KASAM MEMON                              | 910324 |        12680.00 |                 |        74407.92 |
 18-Apr-2013 | TO INW CLG : 910323/5001354\910323            | 910323 |         4570.00 |                 |        69837.92 |
 22-Apr-2013 | TO INW CLG : 910322/5001356\910322            | 910322 |         7487.00 |                 |        62350.92 |
 26-Apr-2013 | TO INW CLG : 910319/5001359\910319            | 910319 |         9205.00 |                 |        53145.92 |
 02-May-2013 | BY CASH                                       |        |                 |       125000.00 |       178145.92 |
 08-May-2013 | TO INW CLG : 910325/5001368\910325            | 910325 |        35000.00 |                 |       143145.92 |
 10-May-2013 | BY CLG /550752/15001383/1943/004              | 550752 |                 |        37000.00 |       180145.92 |
 15-May-2013 | TO INW CLG : 910326/5001374\910326            | 910326 |        14000.00 |                 |       166145.92 |
 18-May-2013 | BY CASH                                       |        |                 |        45000.00 |       211145.92 |
 28-May-2013 | TO TRANSFER/11/01/386                         | 910328 |        18900.00 |                 |       192245.92 |
 28-May-2013 | TO TR/11/01/462                               | 910334 |        10840.00 |                 |       181405.92 |
 29-May-2013 | TO INW CLG : 910332/5001384\910332            | 910332 |        25620.00 |                 |       155785.92 |
 29-May-2013 | TO INW CLG : 910333/5001384\910333            | 910333 |        15789.00 |                 |       139996.92 |
-----------------------------------------------------------------------------------------------------------------------------

                                  MUMBAI DISTRICT CENTRAL CO-OP. BANK LTD.,0002-PALTON ROAD                                  
                           A B Shah Market,1st floor, Near Rly.Station,Masjid Bunder Mumbai 400003                           

Current Date  :18-Mar-2017                                                                                  UserId : REPORT02
Time : 15:31:47 PM                                                                                                Page :4 / 43
                                                    Statement Of Account                                                     
                                              From  01-Apr-2012  to  18-Mar-2017                                             

   Accountno :00021101000476
   Name: SHREYAS SEA FOOD SUPPLIERS
   Address :SHIV SHAKT,SHAMBHAJI NAGAR,SHIVNERI CHAWL
   ST ANTHONY RS, NR KARNATAKA HIGH SCHOOL,CHEMBUR
   MUMBAI - 400071
   Limit:0                                 INR
   Joint Holder:
=============================================================================================================================
 Trans. Date | Particulars                                   | InstNo |      Debit Amt. |     Credit Amt. |         Balance |
=============================================================================================================================
 Opening Bal |                                                                                                    139996.92 |
 29-May-2013 | TO INW CLG : 910330/5001384\910330            | 910330 |        26190.00 |                 |       113806.92 |
 29-May-2013 | TO INW CLG : 910327/5001384\910327            | 910327 |         9230.00 |                 |       104576.92 |
 30-May-2013 | TO INW CLG : 910331/5001385\910331            | 910331 |        62750.00 |                 |        41826.92 |
 30-May-2013 | TO INW CLG : 910329/5001385\910329            | 910329 |        25090.00 |                 |        16736.92 |
 03-Jun-2013 | BY CASH                                       |        |                 |       110000.00 |       126736.92 |
 14-Jun-2013 | TO INW CLG : 910335/5001398\910335            | 910335 |         7720.00 |                 |       119016.92 |
 17-Jun-2013 | TO CHEQUEBOOK ISSUE CHARGES                   |        |          168.00 |                 |       118848.92 |
 18-Jun-2013 | BY CLG /751874/15001415/2242/004              | 751874 |                 |        56020.00 |       174868.92 |
 18-Jun-2013 | TO TRANSFER 11/01/429                         | 910337 |        10450.00 |                 |       164418.92 |
 18-Jun-2013 | TO INW CLG : 910336/5001401\910336            | 910336 |        27360.00 |                 |       137058.92 |
 26-Jun-2013 | TO TRANSFER 10/01/9280                        | 910338 |         6240.00 |                 |       130818.92 |
 27-Jun-2013 | TO TRANSFER 11/01/497                         | 910344 |         8690.00 |                 |       122128.92 |
 28-Jun-2013 | TO CLASSISC SEA FOODS: 910342/5001410\910342  | 910342 |         8000.00 |                 |       114128.92 |
 28-Jun-2013 | TO INDIA FISH COM.: 910343/5001410\910343     | 910343 |         6300.00 |                 |       107828.92 |
 28-Jun-2013 | TO ALIMOHD.H YAKUB&CO.: 910339/5001410\910339 | 910339 |        17171.00 |                 |        90657.92 |
 29-Jun-2013 | BY CLG /2722/15001425/1929/004                |   2722 |                 |        33500.00 |       124157.92 |
 29-Jun-2013 | TO TRANSFER 11/01/426                         | 910345 |        50000.00 |                 |        74157.92 |
 29-Jun-2013 | TO SHIRAJ HAJI A : 910340/5001411\910340      | 910340 |         5970.00 |                 |        68187.92 |
 01-Jul-2013 | BY CASH                                       |        |                 |        80000.00 |       148187.92 |
 01-Jul-2013 | TO RAIS AHMED .0776015: 910341/5001412\910341 | 910341 |        19340.00 |                 |       128847.92 |
 05-Jul-2013 | TO HINDURAO GURAV : 910346/5001416\910346     | 910346 |        19500.00 |                 |       109347.92 |
 11-Jul-2013 | TO TRANSFER  11/06/66                         | 910349 |         9860.00 |                 |        99487.92 |
 12-Jul-2013 | TO INW CLG : 910347/5001422\910347            | 910347 |        24964.00 |                 |        74523.92 |
 13-Jul-2013 | BY CASH                                       |        |                 |       130000.00 |       204523.92 |
 16-Jul-2013 | TO INW CLG : 918255/5001425\918255            | 918255 |        12840.00 |                 |       191683.92 |
 16-Jul-2013 | TO INW CLG : 918252/5001425\918252            | 918252 |         6640.00 |                 |       185043.92 |
 16-Jul-2013 | TO INW CLG : 918253/5001425\918253            | 918253 |        10045.00 |                 |       174998.92 |
 16-Jul-2013 | TO INW CLG : 918251/5001425\918251            | 918251 |         7080.00 |                 |       167918.92 |
 16-Jul-2013 | TO INW CLG : 918256/5001425\918256            | 918256 |         6200.00 |                 |       161718.92 |
 17-Jul-2013 | H U KALUKHE                                   | 918257 |         2730.00 |                 |       158988.92 |
 17-Jul-2013 | D SATSHTE                                     | 918260 |         5200.00 |                 |       153788.92 |
 17-Jul-2013 | TO TRANSFER 11/01/461                         | 918258 |        10650.00 |                 |       143138.92 |
 17-Jul-2013 | TO INW CLG : 918254/5001426\918254            | 918254 |        29005.00 |                 |       114133.92 |
 18-Jul-2013 | TO INW CLG : 918259/5001427\918259            | 918259 |         6450.00 |                 |       107683.92 |
 22-Jul-2013 | TO INW CLG : 918261/5001430\918261            | 918261 |        11570.00 |                 |        96113.92 |
 31-Jul-2013 | BY CASH                                       |        |                 |        80000.00 |       176113.92 |
 31-Jul-2013 | TO INW CLG : 918263/5001438\918263            | 918263 |        20000.00 |                 |       156113.92 |
 31-Jul-2013 | TO INW CLG : 918262/5001438\918262            | 918262 |        18000.00 |                 |       138113.92 |
 06-Aug-2013 | BY CASH                                       |        |                 |       100000.00 |       238113.92 |
 13-Aug-2013 | TO CHEQUEBOOK ISSUE CHARGES                   |        |          168.00 |                 |       237945.92 |
 13-Aug-2013 | TO INW CLG : 918264/5001448\918264            | 918264 |        22000.00 |                 |       215945.92 |
 14-Aug-2013 | BY CLG /2705/15001463/3047/004                |   2705 |                 |         5000.00 |       220945.92 |
 14-Aug-2013 | BY CASH                                       |        |                 |        85500.00 |       306445.92 |
 16-Aug-2013 | S P CHALKE                                    | 918266 |         6200.00 |                 |       300245.92 |
 16-Aug-2013 | TO TRANSFER 11/01/501                         | 918268 |         6190.00 |                 |       294055.92 |
 16-Aug-2013 | TO INW CLG : 918265/5001450\918265            | 918265 |        33325.00 |                 |       260730.92 |
 17-Aug-2013 | R J PAWAR                                     | 918269 |         7695.00 |                 |       253035.92 |
 20-Aug-2013 | TO INW CLG : 918267/5001453\918267            | 918267 |        12500.00 |                 |       240535.92 |
-----------------------------------------------------------------------------------------------------------------------------

                                  MUMBAI DISTRICT CENTRAL CO-OP. BANK LTD.,0002-PALTON ROAD                                  
                           A B Shah Market,1st floor, Near Rly.Station,Masjid Bunder Mumbai 400003                           

Current Date  :18-Mar-2017                                                                                  UserId : REPORT02
Time : 15:31:47 PM                                                                                                Page :5 / 43
                                                    Statement Of Account                                                     
                                              From  01-Apr-2012  to  18-Mar-2017                                             

   Accountno :00021101000476
   Name: SHREYAS SEA FOOD SUPPLIERS
   Address :SHIV SHAKT,SHAMBHAJI NAGAR,SHIVNERI CHAWL
   ST ANTHONY RS, NR KARNATAKA HIGH SCHOOL,CHEMBUR
   MUMBAI - 400071
   Limit:0                                 INR
   Joint Holder:
=============================================================================================================================
 Trans. Date | Particulars                                   | InstNo |      Debit Amt. |     Credit Amt. |         Balance |
=============================================================================================================================
 Opening Bal |                                                                                                    240535.92 |
 26-Aug-2013 | TO TRANSFER 11/01/461                         | 918275 |        11090.00 |                 |       229445.92 |
 26-Aug-2013 | TO INW CLG : 918271/5001458\918271            | 918271 |        10945.00 |                 |       218500.92 |
 26-Aug-2013 | TO INW CLG : 918270/5001458\918270            | 918270 |        22500.00 |                 |       196000.92 |
 27-Aug-2013 | K CHORGE                                      | 918277 |        10040.00 |                 |       185960.92 |
 27-Aug-2013 | BY CASH                                       |        |                 |        12700.00 |       198660.92 |
 27-Aug-2013 | TO INW CLG : 918274/5001459\918274            | 918274 |         9935.00 |                 |       188725.92 |
 27-Aug-2013 | TO INW CLG : 918273/5001459\918273            | 918273 |        12590.00 |                 |       176135.92 |
 28-Aug-2013 | TO INW CLG : 918272/5001460\918272            | 918272 |        28600.00 |                 |       147535.92 |
 29-Aug-2013 | TO INW CLG : 918276/5001461\918276            | 918276 |        15580.00 |                 |       131955.92 |
 03-Sep-2013 | TO INW CLG : 918278/5001465\918278            | 918278 |        15000.00 |                 |       116955.92 |
 16-Sep-2013 | BY CASH                                       |        |                 |        75000.00 |       191955.92 |
 16-Sep-2013 | TO TRANSFER/11/01/386                         | 918280 |         5100.00 |                 |       186855.92 |
 16-Sep-2013 | TO TRANSFER/10/01/8690                        | 918279 |         9300.00 |                 |       177555.92 |
 16-Sep-2013 | TO TRANSFER/10/01/9280                        | 918282 |         6400.00 |                 |       171155.92 |
 16-Sep-2013 | TO TRANSFER/11/01/524                         | 918286 |         8700.00 |                 |       162455.92 |
 17-Sep-2013 | TO INW CLG : 918285/5001476\918285            | 918285 |         6946.00 |                 |       155509.92 |
 21-Sep-2013 | TO INW CLG : 918288/5001480\918288            | 918288 |        10702.00 |                 |       144807.92 |
 21-Sep-2013 | TO INW CLG : 918289/8000033\918289            | 918289 |         6200.00 |                 |       138607.92 |
 23-Sep-2013 | TO INW CLG : 918287/5001481\918287            | 918287 |         6350.00 |                 |       132257.92 |
 23-Sep-2013 | TO INW CLG : 918281/5001481\918281            | 918281 |         9035.00 |                 |       123222.92 |
 25-Sep-2013 | TO CASH/P P MANE                              | 918290 |         9375.00 |                 |       113847.92 |
 30-Sep-2013 | BY CASH                                       |        |                 |        70000.00 |       183847.92 |
 30-Sep-2013 | TO INCIDENTAL CHARGES                         |        |          224.72 |                 |       183623.20 |
 03-Oct-2013 | TO INW CLG : 918291/5001489\918291            | 918291 |        12800.00 |                 |       170823.20 |
 04-Oct-2013 | TO INW CLG : 918292/5001490\918292            | 918292 |         8520.00 |                 |       162303.20 |
 04-Oct-2013 | TO INW CLG : 918294/5001490\918294            | 918294 |         8849.00 |                 |       153454.20 |
 07-Oct-2013 | TO INW CLG : 918293/5001492\918293            | 918293 |        13760.00 |                 |       139694.20 |
 18-Oct-2013 | TO INW CLG : 918295/5001501\918295            | 918295 |        11286.00 |                 |       128408.20 |
 24-Oct-2013 | TO CASH/YUSUF A K MEMON                       | 920906 |        10434.00 |                 |       117974.20 |
 24-Oct-2013 | BY CASH                                       |        |                 |       170000.00 |       287974.20 |
 24-Oct-2013 | TO TRANSFER/11/01/522                         | 918300 |        45931.00 |                 |       242043.20 |
 25-Oct-2013 | TO CHEQUEBOOK ISSUE CHARGES                   |        |          168.00 |                 |       241875.20 |
 25-Oct-2013 | 11-01-497                                     | 918297 |         6600.00 |                 |       235275.20 |
 25-Oct-2013 | 11-01-386                                     | 920902 |         6855.00 |                 |       228420.20 |
 25-Oct-2013 | TO INW CLG : 920907/5001507\920907            | 920907 |         7866.00 |                 |       220554.20 |
 25-Oct-2013 | TO CTSIW CLG : 8000060/NATIONAL FISH/8000060  | 920910 |         8951.00 |                 |       211603.20 |
 25-Oct-2013 | TO CTSIW CLG : 8000060/ASIFSATTARMACHIWALA/8  | 920905 |         7505.00 |                 |       204098.20 |
 25-Oct-2013 | TO CTSIW CLG : 8000060/CHISTIYASEAFOOD/80000  | 920915 |         7233.00 |                 |       196865.20 |
 25-Oct-2013 | 11-01-461                                     | 920904 |         4910.00 |                 |       191955.20 |
 26-Oct-2013 | TO INW CLG : 920908/5001508\920908            | 920908 |         9450.00 |                 |       182505.20 |
 26-Oct-2013 | TO CTSIW CLG : 8000061/MDCCB BANK/8000061\92  | 920903 |         5880.00 |                 |       176625.20 |
 26-Oct-2013 | TO CTSIW CLG : 8000061/OMKAR FISH CO/8000061  | 918296 |         5565.00 |                 |       171060.20 |
 26-Oct-2013 | TO CTSIW CLG : 8000061/DEEPAK MAGANLAL MISTR  | 920914 |         6371.00 |                 |       164689.20 |
 26-Oct-2013 | TO CTSIW CLG : 8000061/PRADEEP SEAS FOODS/80  | 920901 |         8950.00 |                 |       155739.20 |
 26-Oct-2013 | TO CTSIW CLG : 8000061/LUCKY FISH TRADERS/80  | 918299 |        13639.00 |                 |       142100.20 |
 26-Oct-2013 | TO CTSIW CLG : 8000061/TOP KIDS/8000061\9209  | 920912 |         5618.00 |                 |       136482.20 |
 26-Oct-2013 | TO CTSIW CLG : 8000061/KARAN FISH COMP/80000  | 920911 |         7245.00 |                 |       129237.20 |
 29-Oct-2013 | TO CTSIW CLG : 8000063/SHRI SAI SEA FOODS/80  | 920916 |         7920.00 |                 |       121317.20 |
-----------------------------------------------------------------------------------------------------------------------------

                                  MUMBAI DISTRICT CENTRAL CO-OP. BANK LTD.,0002-PALTON ROAD                                  
                           A B Shah Market,1st floor, Near Rly.Station,Masjid Bunder Mumbai 400003                           

Current Date  :18-Mar-2017                                                                                  UserId : REPORT02
Time : 15:31:47 PM                                                                                                Page :6 / 43
                                                    Statement Of Account                                                     
                                              From  01-Apr-2012  to  18-Mar-2017                                             

   Accountno :00021101000476
   Name: SHREYAS SEA FOOD SUPPLIERS
   Address :SHIV SHAKT,SHAMBHAJI NAGAR,SHIVNERI CHAWL
   ST ANTHONY RS, NR KARNATAKA HIGH SCHOOL,CHEMBUR
   MUMBAI - 400071
   Limit:0                                 INR
   Joint Holder:
=============================================================================================================================
 Trans. Date | Particulars                                   | InstNo |      Debit Amt. |     Credit Amt. |         Balance |
=============================================================================================================================
 Opening Bal |                                                                                                    121317.20 |
 29-Oct-2013 | TO CTSIW CLG : 8000063/JANAKI  JEEVAN  ENTER  | 918298 |         4820.00 |                 |       116497.20 |
 02-Nov-2013 | 11/01/482                                     | 920918 |         7805.00 |                 |       108692.20 |
 02-Nov-2013 | TO CTSIW CLG : 8000067/SANSEAFOODS/8000067\9  | 920917 |        16000.00 |                 |        92692.20 |
 08-Nov-2013 | BY CASH                                       |        |                 |       100000.00 |       192692.20 |
 11-Nov-2013 | BY CASH                                       |        |                 |        63000.00 |       255692.20 |
 12-Nov-2013 | TO CTSIW CLG : 8000075/RAMESHJAYSING/8000075  | 920920 |        21750.00 |                 |       233942.20 |
 14-Nov-2013 | TO CTSIW CLG : 8000077/MDCCB BANK/8000077\92  | 920919 |        22189.00 |                 |       211753.20 |
 22-Nov-2013 | 02/11/01/497                                  | 920925 |         6320.00 |                 |       205433.20 |
 22-Nov-2013 | BY CASH                                       |        |                 |        25000.00 |       230433.20 |
 22-Nov-2013 | 02/11/01/510                                  | 920930 |         9550.00 |                 |       220883.20 |
 23-Nov-2013 | 02/11/01/469                                  | 920933 |        23252.00 |                 |       197631.20 |
 23-Nov-2013 | 02/11/01/525                                  | 920936 |        15743.00 |                 |       181888.20 |
 23-Nov-2013 | TO INW CLG : 920926/5001530\920926            | 920926 |        16410.00 |                 |       165478.20 |
 23-Nov-2013 | TO CTSIW CLG : 8000084/RAGHUNATHMARUT/800008  | 920924 |        15205.00 |                 |       150273.20 |
 23-Nov-2013 | TO CTSIW CLG : 8000084/KING FISH COMPANY/800  | 920923 |         8170.00 |                 |       142103.20 |
 23-Nov-2013 | TO CTSIW CLG : 8000084/CHISTIYASEAFO/8000084  | 920927 |        10860.00 |                 |       131243.20 |
 25-Nov-2013 | BY CASH                                       |        |                 |        90000.00 |       221243.20 |
 25-Nov-2013 | TO INW CLG : 920921/5001531\920921            | 920921 |        16837.00 |                 |       204406.20 |
 25-Nov-2013 | TO CTSIW CLG : 8000085/HAMVI/8000085\920935   | 920935 |        30290.00 |                 |       174116.20 |
 25-Nov-2013 | TO CTSIW CLG : 8000085/JANAKI  JEEVAN  ENTER  | 920928 |         9240.00 |                 |       164876.20 |
 26-Nov-2013 | TO CTSIW CLG : 8000086/MADINA SEA FOOD/80000  | 920934 |        11630.00 |                 |       153246.20 |
 26-Nov-2013 | TO CTSIW CLG : 8000086/ASIFSATTARMAC/8000086  | 920929 |         8970.00 |                 |       144276.20 |
 27-Nov-2013 | 02/11/01/524                                  | 920931 |        13085.00 |                 |       131191.20 |
 27-Nov-2013 | BY CASH                                       |        |                 |        50000.00 |       181191.20 |
 27-Nov-2013 | TO INW CLG : 920937/5001533\920937            | 920937 |        19270.00 |                 |       161921.20 |
 27-Nov-2013 | TO CTSIW CLG : 8000087/SIDDHIVINAYAK SEA FOO  | 920932 |         5826.00 |                 |       156095.20 |
 28-Nov-2013 | TO CTSIW CLG : 8000088/EKTA SEA FOODS/800008  | 920922 |         9040.00 |                 |       147055.20 |
 28-Nov-2013 | TO CTSIW CLG : 8000088/AMOLSEAFOODS/8000088\  | 920939 |        19800.00 |                 |       127255.20 |
 28-Nov-2013 | TO INWREJ.CHRGS:920938                        |        |          315.00 |                 |       126940.20 |
 30-Nov-2013 | TO CTSIW CLG : 8000090/ANIJAO SAYYED/8000090  | 920940 |         9170.00 |                 |       117770.20 |
 10-Dec-2013 | TO CTSIW CLG : 8000098//8000098\920942        | 920942 |        11050.00 |                 |       106720.20 |
 11-Dec-2013 | TO IBR TRANSFER0018/18/07/000437              | 920941 |        10350.00 |                 |        96370.20 |
 16-Dec-2013 | TO CASH/ADAM KASAM MEMON                      | 920944 |        15660.00 |                 |        80710.20 |
 17-Dec-2013 | TO CTSIW CLG : 8000104/TO CLEARING/8000104\9  | 920943 |        10650.00 |                 |        70060.20 |
 19-Dec-2013 | TO CTSIW CLG : 8000106/C P MAINE FOODS/80001  | 920947 |         6848.00 |                 |        63212.20 |
 19-Dec-2013 | TO CTSIW CLG : 8000106/INDIA FISH CO/8000106  | 920946 |         8353.00 |                 |        54859.20 |
 24-Dec-2013 | TO CTSIW CLG : 8000110/AMAR/8000110\920945    | 920945 |         7720.00 |                 |        47139.20 |
 26-Dec-2013 | BY CASH                                       |        |                 |        66000.00 |       113139.20 |
 26-Dec-2013 | 02/10/01/8502                                 |        |                 |        83600.00 |       196739.20 |
 30-Dec-2013 | 02/11/01/469                                  | 920948 |        23260.00 |                 |       173479.20 |
 30-Dec-2013 | BY CLG /529653/99900092/1651/032              | 529653 |                 |        33570.00 |       207049.20 |
 01-Jan-2014 | TO CTSIW CLG : 8000116/MUMBAI DISTRICT CENTR  | 920949 |        17410.00 |                 |       189639.20 |
 03-Jan-2014 | BY CASH                                       |        |                 |       120000.00 |       309639.20 |
 09-Jan-2014 | BY CASH                                       |        |                 |        85250.00 |       394889.20 |
 13-Jan-2014 | TO CTSIW CLG : 8000126/POPULARFISHTRADERS/80  | 924601 |        13575.00 |                 |       381314.20 |
 16-Jan-2014 | MARUTI B MANE                                 | 924605 |         5970.00 |                 |       375344.20 |
 16-Jan-2014 | 02/11/01/491                                  | 924602 |        13610.00 |                 |       361734.20 |
 16-Jan-2014 | ANNASAHEB S SALUNKHE                          | 924609 |        10055.00 |                 |       351679.20 |
-----------------------------------------------------------------------------------------------------------------------------

                                  MUMBAI DISTRICT CENTRAL CO-OP. BANK LTD.,0002-PALTON ROAD                                  
                           A B Shah Market,1st floor, Near Rly.Station,Masjid Bunder Mumbai 400003                           

Current Date  :18-Mar-2017                                                                                  UserId : REPORT02
Time : 15:31:47 PM                                                                                                Page :7 / 43
                                                    Statement Of Account                                                     
                                              From  01-Apr-2012  to  18-Mar-2017                                             

   Accountno :00021101000476
   Name: SHREYAS SEA FOOD SUPPLIERS
   Address :SHIV SHAKT,SHAMBHAJI NAGAR,SHIVNERI CHAWL
   ST ANTHONY RS, NR KARNATAKA HIGH SCHOOL,CHEMBUR
   MUMBAI - 400071
   Limit:0                                 INR
   Joint Holder:
=============================================================================================================================
 Trans. Date | Particulars                                   | InstNo |      Debit Amt. |     Credit Amt. |         Balance |
=============================================================================================================================
 Opening Bal |                                                                                                    351679.20 |
 16-Jan-2014 | 02/11/01/461                                  | 924603 |         7405.00 |                 |       344274.20 |
 17-Jan-2014 | 02/11/01/422                                  | 924617 |         4651.00 |                 |       339623.20 |
 17-Jan-2014 | RAVINDRA J PAWAR                              | 924619 |         8910.00 |                 |       330713.20 |
 17-Jan-2014 | TO CTSIW CLG : 8000129/THREESTARSEAFOODS/800  | 924613 |         7610.00 |                 |       323103.20 |
 17-Jan-2014 | TO CTSIW CLG : 8000129/NATIONAL FISH COMPANY  | 924604 |         6295.00 |                 |       316808.20 |
 17-Jan-2014 | TO CTSIW CLG : 8000129/MAHESHFISHCOM/8000129  | 924606 |        23010.00 |                 |       293798.20 |
 17-Jan-2014 | TO CTSIW CLG : 8000129/AJMERIFRESHFI/8000129  | 924616 |        15666.00 |                 |       278132.20 |
 17-Jan-2014 | TO CTSIW CLG : 8000129/MADINA SEA FOOD/80001  | 924611 |         5630.00 |                 |       272502.20 |
 18-Jan-2014 | TO CTSIW CLG : 8000130/TO CLEARING/8000130\9  | 920950 |         6080.00 |                 |       266422.20 |
 18-Jan-2014 | TO CTSIW CLG : 8000130/RAJARAM R SALUKHA/800  | 924610 |        14553.00 |                 |       251869.20 |
 18-Jan-2014 | TO CTSIW CLG : 8000130/OMKAR FISH COMPA/8000  | 924607 |         5085.00 |                 |       246784.20 |
 20-Jan-2014 | TO CTSIW CLG : 8000131/GHIAUKAR FISH TRADERS  | 924612 |        14750.00 |                 |       232034.20 |
 21-Jan-2014 | BY CASH                                       |        |                 |        43500.00 |       275534.20 |
 21-Jan-2014 | PANDURANG S TELE                              | 924621 |        34145.00 |                 |       241389.20 |
 21-Jan-2014 | TO CTSIW CLG : 8000132/KOKAN FISH/8000132\92  | 924615 |         7181.00 |                 |       234208.20 |
 21-Jan-2014 | TO CTSIW CLG : 8000132/SHIRAJ HAJI ALIMOHAME  | 924614 |         6420.00 |                 |       227788.20 |
 21-Jan-2014 | TO CHEQUEBOOK ISSUE CHARGES                   |        |          168.00 |                 |       227620.20 |
 22-Jan-2014 | TO CTSIW CLG : 8000133/RAGHUNATHMARUTIGHARE/  | 924625 |        14210.00 |                 |       213410.20 |
 22-Jan-2014 | TO TRANSFER/11/01/482                         | 924628 |        12630.00 |                 |       200780.20 |
 23-Jan-2014 | TO CTSIW CLG : 8000134/LUCKY FISH TRAVELS/80  | 924626 |        11826.00 |                 |       188954.20 |
 23-Jan-2014 | TO CTSIW CLG : 8000134/EKTA SEA FOODS/800013  | 924608 |         7836.00 |                 |       181118.20 |
 23-Jan-2014 | TO CTSIW CLG : 8000134/INDIA FISH CO/8000134  | 924620 |        10988.00 |                 |       170130.20 |
 23-Jan-2014 | TO CTSIW CLG : 8000134/CLASSIC SEA FOODS/800  | 924623 |        23784.00 |                 |       146346.20 |
 23-Jan-2014 | TO CTSIW CLG : 8000134/AJIT KASHINATH PATIL/  | 924618 |        10514.00 |                 |       135832.20 |
 23-Jan-2014 | TO CTSIW CLG : 8000134/SANSEAFOODS/8000134\9  | 924624 |        25365.00 |                 |       110467.20 |
 24-Jan-2014 | TO CTSIW CLG : 8000135/ZOAIB SEA FOOD/800013  | 924627 |        33870.00 |                 |        76597.20 |
 27-Jan-2014 | BY CASH                                       |        |                 |        93000.00 |       169597.20 |
 27-Jan-2014 | TO CTSIW CLG : 8000137/TO CLEARING/8000137\9  | 924622 |         7678.00 |                 |       161919.20 |
 28-Jan-2014 | TO CTSIW CLG : 8000138/HAMVI FISHERIES/80001  | 924629 |        31715.00 |                 |       130204.20 |
 13-Feb-2014 | TO TRANSFER/11/01/386                         | 924631 |        29980.00 |                 |       100224.20 |
 13-Feb-2014 | BY CASH                                       |        |                 |       136000.00 |       236224.20 |
 14-Feb-2014 | TO TRANSFER/11/01/510                         | 924643 |         4570.00 |                 |       231654.20 |
 14-Feb-2014 | TO CTSIW CLG : 8000153/THREESTARSEAF/8000153  | 924632 |        13480.00 |                 |       218174.20 |
 15-Feb-2014 | 11/01/525                                     | 924642 |         5780.00 |                 |       212394.20 |
 15-Feb-2014 | TO CTSIW CLG : 8000154/AJMERIFRESHFISHAFZA/8  | 924636 |         4650.00 |                 |       207744.20 |
 15-Feb-2014 | TO CTSIW CLG : 8000154/NOORI SEA FOOD/800015  | 924644 |         9210.00 |                 |       198534.20 |
 15-Feb-2014 | TO CTSIW CLG : 8000154/KARANFISHCOMPANY/8000  | 924635 |         8265.00 |                 |       190269.20 |
 15-Feb-2014 | TO CTSIW CLG : 8000154/KULABA SEA FOODS/8000  | 924638 |        19038.00 |                 |       171231.20 |
 15-Feb-2014 | TO CTSIW CLG : 8000154/SODAYE ETESH ARJUN/80  | 924646 |         4820.00 |                 |       166411.20 |
 17-Feb-2014 | BY CASH/0009                                  |        |                 |       136000.00 |       302411.20 |
 17-Feb-2014 | TO CTSIW CLG : 8000155/TO CLEARING/8000155\9  | 924630 |         7622.00 |                 |       294789.20 |
 17-Feb-2014 | TO CTSIW CLG : 8000155/TOP KIDS/8000155\9246  | 924640 |        24406.00 |                 |       270383.20 |
 17-Feb-2014 | TO CTSIW CLG : 8000155/KOKAN FISH/8000155\92  | 924645 |         8717.00 |                 |       261666.20 |
 18-Feb-2014 | TO CTSIW CLG : 8000156/INDIA FISH CO/8000156  | 924633 |         9055.00 |                 |       252611.20 |
 18-Feb-2014 | TO CTSIW CLG : 8000156/EKTA SEA FOODS/800015  | 924641 |        14160.00 |                 |       238451.20 |
 20-Feb-2014 | TO IBR TRANSFER                               | 924634 |         8815.00 |                 |       229636.20 |
 22-Feb-2014 | 11/01/429                                     | 924647 |        10025.00 |                 |       219611.20 |
 22-Feb-2014 | 02/10/01/9269                                 | 924649 |        11983.00 |                 |       207628.20 |
-----------------------------------------------------------------------------------------------------------------------------

                                  MUMBAI DISTRICT CENTRAL CO-OP. BANK LTD.,0002-PALTON ROAD                                  
                           A B Shah Market,1st floor, Near Rly.Station,Masjid Bunder Mumbai 400003                           

Current Date  :18-Mar-2017                                                                                  UserId : REPORT02
Time : 15:31:47 PM                                                                                                Page :8 / 43
                                                    Statement Of Account                                                     
                                              From  01-Apr-2012  to  18-Mar-2017                                             

   Accountno :00021101000476
   Name: SHREYAS SEA FOOD SUPPLIERS
   Address :SHIV SHAKT,SHAMBHAJI NAGAR,SHIVNERI CHAWL
   ST ANTHONY RS, NR KARNATAKA HIGH SCHOOL,CHEMBUR
   MUMBAI - 400071
   Limit:0                                 INR
   Joint Holder:
=============================================================================================================================
 Trans. Date | Particulars                                   | InstNo |      Debit Amt. |     Credit Amt. |         Balance |
=============================================================================================================================
 Opening Bal |                                                                                                    207628.20 |
 24-Feb-2014 | TO CTSIW CLG : 8000160/RAMESHJAYSINGPATIL/80  | 924650 |        20981.00 |                 |       186647.20 |
 24-Feb-2014 | TO CTSIW CLG : 8000160/KING FISH COMPANY/800  | 924648 |         6862.00 |                 |       179785.20 |
 24-Feb-2014 | TO CTSIW CLG : 8000160/ALNAZIRSEAFOODS/80001  | 928353 |        13199.00 |                 |       166586.20 |
 24-Feb-2014 | BY CASH/0009                                  |        |                 |        70000.00 |       236586.20 |
 25-Feb-2014 | BY CASH/0009                                  |        |                 |        34960.00 |       271546.20 |
 26-Feb-2014 | TO CTSIW CLG : 8000162/MR. PRADEEP MOHAN SAL  | 928351 |         8659.00 |                 |       262887.20 |
 26-Feb-2014 | TO CTSIW CLG : 8000162/MOHAMEDESSAPA/8000162  | 928352 |        13216.00 |                 |       249671.20 |
 28-Feb-2014 | BY CLG /21206/99900141/723/032                |  21206 |                 |        71450.00 |       321121.20 |
 28-Feb-2014 | TO TRANSFER/11/01/482                         | 928355 |         6646.00 |                 |       314475.20 |
 28-Feb-2014 | TO TRANSFER/11/01/476                         | 928356 |         8864.00 |                 |       305611.20 |
 28-Feb-2014 | ToBouncing99900141/723/11 01 000476-21206     |        |        31250.00 |                 |       274361.20 |
 28-Feb-2014 | ToFUNDS INSU99900141/723/1101-21206           |        |          281.00 |                 |       274080.20 |
 01-Mar-2014 | 11-01-524                                     | 924639 |         5623.00 |                 |       268457.20 |
 05-Mar-2014 | BY CLG /447192/99900145/2657/032              | 447192 |                 |        25000.00 |       293457.20 |
 05-Mar-2014 | 99-01-1200                                    |        |         9000.00 |                 |       284457.20 |
 07-Mar-2014 | BY CLG /447193/99900147/1356/032              | 447193 |                 |         9000.00 |       293457.20 |
 07-Mar-2014 | ToBouncing99900147/1356/11 01 000476-447193   |        |         9000.00 |                 |       284457.20 |
 08-Mar-2014 | TO CTSIW CLG : 8000170/DIAGO CHINCHAK AC NO/  | 928354 |        34020.00 |                 |       250437.20 |
 11-Mar-2014 | TO TRANSFER/11/01/386.                        | 928357 |        25870.00 |                 |       224567.20 |
 12-Mar-2014 | TO CTSIW CLG : 8000173/HAMVI FISHERIES/80001  | 928358 |        20905.00 |                 |       203662.20 |
 15-Mar-2014 | BY CASH/0009                                  |        |                 |        70000.00 |       273662.20 |
 20-Mar-2014 | BY CASH                                       |        |                 |       148650.00 |       422312.20 |
 20-Mar-2014 | 10/01/8293                                    | 928360 |        15847.00 |                 |       406465.20 |
 21-Mar-2014 | AVINASH                                       | 928375 |        15538.00 |                 |       390927.20 |
 21-Mar-2014 | TO CHEQUEBOOK ISSUE CHARGES                   |        |          168.00 |                 |       390759.20 |
 21-Mar-2014 | 11/01/386                                     | 928381 |         5220.00 |                 |       385539.20 |
 21-Mar-2014 | 11/01/525                                     | 928373 |         4085.00 |                 |       381454.20 |
 21-Mar-2014 | TO CTSIW CLG : 8000180/ALNAZIRSEAFO/8000180\  | 928362 |        10050.00 |                 |       371404.20 |
 21-Mar-2014 | TO CTSIW CLG : 8000180/ABDULKADARANDCO/80001  | 928359 |         5960.00 |                 |       365444.20 |
 22-Mar-2014 | 99-01-1200 C T S  KL                          |        |                 |         9000.00 |       374444.20 |
 22-Mar-2014 | TO CTSIW CLG : 8000181/NATIONAL FISH COMPANY  | 928376 |         9190.00 |                 |       365254.20 |
 22-Mar-2014 | TO CTSIW CLG : 8000181/KING FISH COMPANY/800  | 928377 |         9301.00 |                 |       355953.20 |
 22-Mar-2014 | TO CTSIW CLG : 8000181/RANE RAJENDRA AMRIT/8  | 928366 |        16460.00 |                 |       339493.20 |
 22-Mar-2014 | TO CTSIW CLG : 8000181/CAPITAL FISH COMPANY/  | 928364 |        11765.00 |                 |       327728.20 |
 22-Mar-2014 | TO CTSIW CLG : 8000181/CHISTIYASEAFO/8000181  | 928370 |        10354.00 |                 |       317374.20 |
 22-Mar-2014 | TO CTSIW CLG : 8000181/SMFISHCO/8000181\9283  | 928380 |        17500.00 |                 |       299874.20 |
 22-Mar-2014 | TO CTSIW CLG : 8000181/AJMERIFRESHFI/8000181  | 928371 |         9420.00 |                 |       290454.20 |
 22-Mar-2014 | 11/01/461                                     | 928372 |         9540.00 |                 |       280914.20 |
 24-Mar-2014 | TO CTSIW CLG : 8000182/OMKAR FISH COMPA/8000  | 928365 |         9310.00 |                 |       271604.20 |
 24-Mar-2014 | TO CTSIW CLG : 8000182/ALIMOHAMEDHAJIYAKUBAN  | 928363 |        20446.00 |                 |       251158.20 |
 24-Mar-2014 | TO CTSIW CLG : 8000182/LUCKYFISHTRADERS/8000  | 928368 |         5800.00 |                 |       245358.20 |
 24-Mar-2014 | TO CTSIW CLG : 8000182/SAMARTH FISH CO/80001  | 928367 |         9058.00 |                 |       236300.20 |
 24-Mar-2014 | TO CTSIW CLG : 8000182/PRADEEP SEAS FOODS/80  | 928369 |         4020.00 |                 |       232280.20 |
 25-Mar-2014 | BY CASH                                       |        |                 |        50000.00 |       282280.20 |
 25-Mar-2014 | TO CTSIW CLG : 8000183/DIAGO CHINCHAK AC NO/  | 928378 |         9650.00 |                 |       272630.20 |
 25-Mar-2014 | TO CTSIW CLG : 8000183/INDIA FISH CO/8000183  | 928374 |        17435.00 |                 |       255195.20 |
 25-Mar-2014 | TO CTSIW CLG : 8000183/A 1 RISH CO/8000183\9  | 928382 |        19191.00 |                 |       236004.20 |
 26-Mar-2014 | TO CTSIW CLG : 8000184/KASHINATH MAHADEV PAT  | 928361 |        10740.00 |                 |       225264.20 |
-----------------------------------------------------------------------------------------------------------------------------

                                  MUMBAI DISTRICT CENTRAL CO-OP. BANK LTD.,0002-PALTON ROAD                                  
                           A B Shah Market,1st floor, Near Rly.Station,Masjid Bunder Mumbai 400003                           

Current Date  :18-Mar-2017                                                                                  UserId : REPORT02
Time : 15:31:47 PM                                                                                                Page :9 / 43
                                                    Statement Of Account                                                     
                                              From  01-Apr-2012  to  18-Mar-2017                                             

   Accountno :00021101000476
   Name: SHREYAS SEA FOOD SUPPLIERS
   Address :SHIV SHAKT,SHAMBHAJI NAGAR,SHIVNERI CHAWL
   ST ANTHONY RS, NR KARNATAKA HIGH SCHOOL,CHEMBUR
   MUMBAI - 400071
   Limit:0                                 INR
   Joint Holder:
=============================================================================================================================
 Trans. Date | Particulars                                   | InstNo |      Debit Amt. |     Credit Amt. |         Balance |
=============================================================================================================================
 Opening Bal |                                                                                                    225264.20 |
 26-Mar-2014 | TO CTSIW CLG : 8000184/EKTA SEA FOODS/800018  | 928379 |        11033.00 |                 |       214231.20 |
 28-Mar-2014 | BY CASH/0009                                  |        |                 |        76000.00 |       290231.20 |
 29-Mar-2014 | TO INCIDENTAL CHARGES                         |        |          224.72 |                 |       290006.48 |
 09-Apr-2014 | TO CTSIW CLG : 8000195/PATEL MOHEMED IRFAN G  | 928384 |        19630.00 |                 |       270376.48 |
 09-Apr-2014 | TO CTSIW CLG : 8000195/CLASSIC SEA FOODS/800  | 928383 |        26340.00 |                 |       244036.48 |
 10-Apr-2014 | BY CASH/0009                                  |        |                 |        50000.00 |       294036.48 |
 10-Apr-2014 | TO CTSIW CLG : 8000196/HAMVI FISHERIES/80001  | 928385 |        20750.00 |                 |       273286.48 |
 12-Apr-2014 | BY CLG /86/99900175/1310/032                  |     86 |                 |         9000.00 |       282286.48 |
 19-Apr-2014 | 11/01/501                                     | 928390 |        11065.00 |                 |       271221.48 |
 19-Apr-2014 | BY CASH                                       |        |                 |        50000.00 |       321221.48 |
 21-Apr-2014 | TO TRAN/11/01/437.                            | 928387 |         4930.00 |                 |       316291.48 |
 21-Apr-2014 | BY CASH                                       |        |                 |        92000.00 |       408291.48 |
 21-Apr-2014 | 09/11/01/3280009/11/01/000328                 | 929809 |        11024.00 |                 |       397267.48 |
 21-Apr-2014 | 11/01/497                                     | 929806 |         5910.00 |                 |       391357.48 |
 21-Apr-2014 | 11/01/461                                     | 929811 |         6985.00 |                 |       384372.48 |
 21-Apr-2014 | 10/01/9269                                    | 928397 |         8539.00 |                 |       375833.48 |
 21-Apr-2014 | 11/01/469                                     | 929810 |        10350.00 |                 |       365483.48 |
 21-Apr-2014 | TO CTSIW CLG : 8000203/AJMERIFRESHFISHAFZA/8  | 928388 |         5219.00 |                 |       360264.48 |
 21-Apr-2014 | TO CTSIW CLG : 8000203/SMFISHCO/8000203\9283  | 928395 |        12870.00 |                 |       347394.48 |
 22-Apr-2014 | TO TRAN/11/01/479.                            | 929804 |         6830.00 |                 |       340564.48 |
 22-Apr-2014 | TO CTSIW CLG : 8000204/DHANAJI R VEER/800020  | 928386 |        23000.00 |                 |       317564.48 |
 22-Apr-2014 | TO CTSIW CLG : 8000204/KARANFISHCOMPANY/8000  | 928399 |         3473.00 |                 |       314091.48 |
 22-Apr-2014 | TO CTSIW CLG : 8000204/SHRI SAI SEA FOODS/80  | 929807 |         5593.00 |                 |       308498.48 |
 22-Apr-2014 | TO CTSIW CLG : 8000204/NOOR SEAFOOD/8000204\  | 929803 |         8208.00 |                 |       300290.48 |
 22-Apr-2014 | TO CTSIW CLG : 8000204/AMARFISH/8000204\9298  | 929802 |        18231.00 |                 |       282059.48 |
 22-Apr-2014 | TO CTSIW CLG : 8000204/ABDULRAZAKANDSONS/800  | 928398 |         7032.00 |                 |       275027.48 |
 22-Apr-2014 | TO CTSIW CLG : 8000204/C P  MARINE FOODS/800  | 928394 |         9950.00 |                 |       265077.48 |
 22-Apr-2014 | TO CTSIW CLG : 8000204/ANIKET PRADEEP GHIVAL  | 928393 |        12480.00 |                 |       252597.48 |
 22-Apr-2014 | TO CTSIW CLG : 8000204/CHISTIYASEAFO/8000204  | 929801 |         3442.00 |                 |       249155.48 |
 22-Apr-2014 | TO CTSIW CLG : 8000204/ASHRAFI FISH TRADERS/  | 929808 |         9610.00 |                 |       239545.48 |
 23-Apr-2014 | TO CHEQUEBOOK ISSUE CHARGES                   |        |          168.00 |                 |       239377.48 |
 23-Apr-2014 | TO CASH/AVINSH A PISE                         | 929805 |        11469.00 |                 |       227908.48 |
 25-Apr-2014 | TO CTSIW CLG : 8000206/ASHA FISH CO/8000206\  | 928391 |         5643.00 |                 |       222265.48 |
 25-Apr-2014 | TO CTSIW CLG : 8000206/EKTA SEA FOODS/800020  | 928400 |         4962.00 |                 |       217303.48 |
 29-Apr-2014 | TO CTSIW CLG : 8000209/ZOAIB SEA FOOD/800020  | 929812 |        11800.00 |                 |       205503.48 |
 30-Apr-2014 | TO CTSIW CLG : 8000210/KAMRAAN SEA FOOD/8000  | 928392 |        23216.00 |                 |       182287.48 |
 08-May-2014 | TO TRANSFER/11/01/482                         | 929816 |        19469.00 |                 |       162818.48 |
 09-May-2014 | TO CTSIW CLG : 8000217/IMTIYAZ AHMED YASIN A  | 929817 |         8323.00 |                 |       154495.48 |
 10-May-2014 | TO CTSIW CLG : 8000218/ALNAZIRSEAFOOD/800021  | 929815 |        12766.00 |                 |       141729.48 |
 17-May-2014 | BY CASH                                       |        |                 |       142000.00 |       283729.48 |
 24-May-2014 | TO TRAN/11/01/429                             | 929820 |        12250.00 |                 |       271479.48 |
 24-May-2014 | ADAM K MEMON                                  | 929824 |        21707.00 |                 |       249772.48 |
 24-May-2014 | TO TRAN/11/01/461                             | 929818 |         9210.00 |                 |       240562.48 |
 26-May-2014 | TO TRANSFER 11/01/492                         | 929826 |         8867.00 |                 |       231695.48 |
 26-May-2014 | TO TRANSFER 11/01/497                         | 929822 |         7982.00 |                 |       223713.48 |
 26-May-2014 | TO CTSIW CLG : 8000230/C P  MARINE FOODS/800  | 929821 |        47110.00 |                 |       176603.48 |
 26-May-2014 | TAELE                                         | 929827 |        23968.00 |                 |       152635.48 |
 27-May-2014 | TO CTSIW CLG : 8000231/KSHAMANDFCO/8000231\9  | 929823 |         9240.00 |                 |       143395.48 |
-----------------------------------------------------------------------------------------------------------------------------

                                  MUMBAI DISTRICT CENTRAL CO-OP. BANK LTD.,0002-PALTON ROAD                                  
                           A B Shah Market,1st floor, Near Rly.Station,Masjid Bunder Mumbai 400003                           

Current Date  :18-Mar-2017                                                                                  UserId : REPORT02
Time : 15:31:47 PM                                                                                               Page :10 / 43
                                                    Statement Of Account                                                     
                                              From  01-Apr-2012  to  18-Mar-2017                                             

   Accountno :00021101000476
   Name: SHREYAS SEA FOOD SUPPLIERS
   Address :SHIV SHAKT,SHAMBHAJI NAGAR,SHIVNERI CHAWL
   ST ANTHONY RS, NR KARNATAKA HIGH SCHOOL,CHEMBUR
   MUMBAI - 400071
   Limit:0                                 INR
   Joint Holder:
=============================================================================================================================
 Trans. Date | Particulars                                   | InstNo |      Debit Amt. |     Credit Amt. |         Balance |
=============================================================================================================================
 Opening Bal |                                                                                                    143395.48 |
 27-May-2014 | TO CTSIW CLG : 8000231/SHRIJHAJIALIMOHD/8000  | 929819 |        11616.00 |                 |       131779.48 |
 28-May-2014 | TO CTSIW CLG : 8000232/SHRI SAI SEA FOODS/80  | 929825 |        10540.00 |                 |       121239.48 |
 28-May-2014 | BY CASH                                       |        |                 |        72000.00 |       193239.48 |
 04-Jun-2014 | BY CASH                                       |        |                 |        85000.00 |       278239.48 |
 07-Jun-2014 | 11/01/482                                     | 929828 |        24269.00 |                 |       253970.48 |
 09-Jun-2014 | TO CTSIW CLG : 8000242/CHAND FISH/8000242\92  | 929829 |         4010.00 |                 |       249960.48 |
 11-Jun-2014 | TO CTSIW CLG : 8000244/HAMVI FISHERIES/80002  | 929830 |        10234.00 |                 |       239726.48 |
 13-Jun-2014 | TO CTSIW CLG : 8000246/DHANAJI R VEER/800024  | 929831 |        10200.00 |                 |       229526.48 |
 16-Jun-2014 | 11/01/386                                     | 929832 |        11360.00 |                 |       218166.48 |
 16-Jun-2014 | BY CASH/0009                                  |        |                 |        70000.00 |       288166.48 |
 17-Jun-2014 | TO CTSIW CLG : 8000249/AMARFISHCOMPANY/80002  | 929833 |        15563.00 |                 |       272603.48 |
 17-Jun-2014 | TO TRAN/10/01/9269                            | 929834 |         5700.00 |                 |       266903.48 |
 20-Jun-2014 | BY CLG /389/99900229/514/032                  |    389 |                 |        26500.00 |       293403.48 |
 20-Jun-2014 | TO CTSIW CLG : 8000252/ASHRAFI FISH TRADERS/  | 929839 |         6495.00 |                 |       286908.48 |
 20-Jun-2014 | TO CTSIW CLG : 8000252/ASHA FISH CO/8000252\  | 929838 |         6890.00 |                 |       280018.48 |
 20-Jun-2014 | TO CTSIW CLG : 8000252/CLASSIC SEA FOODS/800  | 929836 |         5636.00 |                 |       274382.48 |
 21-Jun-2014 | TO CTSIW CLG : 8000253/EKTA SEA FOODS/800025  | 929837 |        11392.00 |                 |       262990.48 |
 21-Jun-2014 | TO CTSIW CLG : 8000253/ADBULKADAR/8000253\92  | 929835 |        13530.00 |                 |       249460.48 |
 23-Jun-2014 | TO CTSIW CLG : 8000254/SAMARTH FISH CO/80002  | 929840 |         5560.00 |                 |       243900.48 |
 26-Jun-2014 | BY CASH/0009                                  |        |                 |        70000.00 |       313900.48 |
 27-Jun-2014 | 11/01/429                                     | 929843 |         2396.00 |                 |       311504.48 |
 27-Jun-2014 | 11/01/519                                     | 929845 |        12176.00 |                 |       299328.48 |
 28-Jun-2014 | TO CTSIW CLG : 8000259/CHAND FISH PROCESSION  | 929844 |         9481.00 |                 |       289847.48 |
 28-Jun-2014 | TO CTSIW CLG : 8000259/CHISTIYASEAFO/8000259  | 929846 |         1376.00 |                 |       288471.48 |
 28-Jun-2014 | TO CTSIW CLG : 8000259/ABDUL KADAR  ABDUL GA  | 929850 |         1598.00 |                 |       286873.48 |
 30-Jun-2014 | TO CTSIW CLG : 8000260/HAMVI FISHERIES/80002  | 929841 |         4863.00 |                 |       282010.48 |
 30-Jun-2014 | TO CTSIW CLG : 8000260/PRADEEP SEAS FOODS/80  | 929849 |        26445.00 |                 |       255565.48 |
 01-Jul-2014 | TO CTSIW CLG : 8000261/NOOR SEAFOODS/8000261  | 929847 |         8978.00 |                 |       246587.48 |
 03-Jul-2014 | TO CTSIW CLG : 8000263/SHUBHAM HEIGHTS CO OP  | 931401 |        15000.00 |                 |       231587.48 |
 14-Jul-2014 | BY CASH/0009                                  |        |                 |        65900.00 |       297487.48 |
 16-Jul-2014 | TO CTSIW CLG : 8000274/JAMIL CRAB AND FISH S  | 931402 |        10435.00 |                 |       287052.48 |
 17-Jul-2014 | 11/01/386                                     | 931405 |        31650.00 |                 |       255402.48 |
 17-Jul-2014 | A R CHALKE                                    | 931403 |        10300.00 |                 |       245102.48 |
 17-Jul-2014 | TO CHEQUEBOOK ISSUE CHARGES                   |        |          168.00 |                 |       244934.48 |
 18-Jul-2014 | TO TRAN/11/01/492                             | 931406 |        14490.00 |                 |       230444.48 |
 18-Jul-2014 | 11/06/264                                     | 931407 |        17118.00 |                 |       213326.48 |
 22-Jul-2014 | TO CTSIW CLG : 8000279/KING FISH COMPANY/800  | 931408 |         2962.00 |                 |       210364.48 |
 22-Jul-2014 | TO CTSIW CLG : 8000279/SANSEAFOODS/8000279\9  | 931404 |        20135.00 |                 |       190229.48 |
 22-Jul-2014 | TO CTSIW CLG : 8000279/NOOR SEA FOOD/8000279  | 931410 |        13316.00 |                 |       176913.48 |
 22-Jul-2014 | TO CTSIW CLG : 8000279/RAGHUNATHMARUT/800027  | 931411 |        14052.00 |                 |       162861.48 |
 23-Jul-2014 | TO CTSIW CLG : 8000280/ALIMOHAMMEDHAJIYAKUB/  | 931412 |         2873.00 |                 |       159988.48 |
 25-Jul-2014 | TO CTSIW CLG : 8000282/ZOAIB SEA FOOD/800028  | 931413 |        15910.00 |                 |       144078.48 |
 26-Jul-2014 | BY CASH                                       |        |                 |       100000.00 |       244078.48 |
 01-Aug-2014 | 11/06/42                                      | 931416 |        13480.00 |                 |       230598.48 |
 05-Aug-2014 | 10/05/47580016/10/05/004758                   | 931415 |         6510.00 |                 |       224088.48 |
 05-Aug-2014 | TO CTSIW CLG : 8000290/DHANAJI R VEER/800029  | 931414 |        17000.00 |                 |       207088.48 |
 05-Aug-2014 | TO CTSIW CLG : 8000290/A ONE FISH CO/8000290  | 931418 |        16630.00 |                 |       190458.48 |
 07-Aug-2014 | TO CTSIW CLG : 8000292/JAMIL CRAB AND FISH S  | 931417 |        11100.00 |                 |       179358.48 |
-----------------------------------------------------------------------------------------------------------------------------

                                  MUMBAI DISTRICT CENTRAL CO-OP. BANK LTD.,0002-PALTON ROAD                                  
                           A B Shah Market,1st floor, Near Rly.Station,Masjid Bunder Mumbai 400003                           

Current Date  :18-Mar-2017                                                                                  UserId : REPORT02
Time : 15:31:47 PM                                                                                               Page :11 / 43
                                                    Statement Of Account                                                     
                                              From  01-Apr-2012  to  18-Mar-2017                                             

   Accountno :00021101000476
   Name: SHREYAS SEA FOOD SUPPLIERS
   Address :SHIV SHAKT,SHAMBHAJI NAGAR,SHIVNERI CHAWL
   ST ANTHONY RS, NR KARNATAKA HIGH SCHOOL,CHEMBUR
   MUMBAI - 400071
   Limit:0                                 INR
   Joint Holder:
=============================================================================================================================
 Trans. Date | Particulars                                   | InstNo |      Debit Amt. |     Credit Amt. |         Balance |
=============================================================================================================================
 Opening Bal |                                                                                                    179358.48 |
 13-Aug-2014 | HARICHAND U KALUKHE                           | 931419 |         8000.00 |                 |       171358.48 |
 14-Aug-2014 | BY CASH                                       |        |                 |        98000.00 |       269358.48 |
 16-Aug-2014 | 11/01/469                                     | 931427 |        24835.00 |                 |       244523.48 |
 19-Aug-2014 | 11/01/479                                     | 931433 |         9107.00 |                 |       235416.48 |
 19-Aug-2014 | 11/01/492                                     | 931440 |         2805.00 |                 |       232611.48 |
 19-Aug-2014 | TO CTSIW CLG : 8000301/MILAN FISH TRADERS/80  | 931424 |        11089.00 |                 |       221522.48 |
 19-Aug-2014 | TO CTSIW CLG : 8000301/ASHREEEFI/8000301\931  | 931421 |         7587.00 |                 |       213935.48 |
 19-Aug-2014 | TO CTSIW CLG : 8000301/SHIRAJHAJIALIMOHAMMED  | 931425 |         8414.00 |                 |       205521.48 |
 19-Aug-2014 | BY CASH                                       |        |                 |        90000.00 |       295521.48 |
 20-Aug-2014 | 11/01/510                                     | 931447 |         8015.00 |                 |       287506.48 |
 20-Aug-2014 | TO CTSIW CLG : 8000302/ALMAS FISHERS/8000302  | 931422 |         9276.00 |                 |       278230.48 |
 20-Aug-2014 | TO CTSIW CLG : 8000302/SAMARTH FISH CO/80003  | 931423 |        10623.00 |                 |       267607.48 |
 20-Aug-2014 | TO CTSIW CLG : 8000302/C P  MARINE FOODS/800  | 931434 |         3267.00 |                 |       264340.48 |
 20-Aug-2014 | TO CTSIW CLG : 8000302/MOHMEDD HANIF  HAJI H  | 931428 |        16365.00 |                 |       247975.48 |
 20-Aug-2014 | TO CTSIW CLG : 8000302/MS JANKI JEEVAN ENTER  | 931435 |        10976.00 |                 |       236999.48 |
 20-Aug-2014 | TO CTSIW CLG : 8000302/PRADEEP SEAFOODS/8000  | 931443 |         7925.00 |                 |       229074.48 |
 20-Aug-2014 | TO CTSIW CLG : 8000302/NOOR SEA FOODS/800030  | 931432 |         3921.00 |                 |       225153.48 |
 20-Aug-2014 | TO CTSIW CLG : 8000302/CHAND FISH PROCESSING  | 931442 |         5895.00 |                 |       219258.48 |
 20-Aug-2014 | TO CTSIW CLG : 8000302/KING FISH COMPANY/800  | 931446 |         7306.00 |                 |       211952.48 |
 20-Aug-2014 | TO CTSIW CLG : 8000302/IMRANSEAFOOD/8000302\  | 931430 |         4598.00 |                 |       207354.48 |
 20-Aug-2014 | TO CTSIW CLG : 8000302/RAGHUNATHMARUTIGHARE/  | 931438 |        17831.00 |                 |       189523.48 |
 20-Aug-2014 | TO CTSIW CLG : 8000302/SANSEAFOODS/8000302\9  | 931439 |         2452.00 |                 |       187071.48 |
 20-Aug-2014 | TO CTSIW CLG : 8000302/M S ABDUL KADAR & SON  | 931444 |         5400.00 |                 |       181671.48 |
 20-Aug-2014 | TO CTSIW CLG : 8000302/GANESH FISH COMPANY/8  | 931445 |         2404.00 |                 |       179267.48 |
 21-Aug-2014 | TO CTSIW CLG : 8000303/INDIA FISH CO/8000303  | 931437 |         1650.00 |                 |       177617.48 |
 21-Aug-2014 | TO CTSIW CLG : 8000303/EKTA SEA FOODS/800030  | 931441 |         1940.00 |                 |       175677.48 |
 21-Aug-2014 | TO CTSIW CLG : 8000303/KSHAMANDCO/8000303\93  | 931426 |        13120.00 |                 |       162557.48 |
 21-Aug-2014 | TO CTSIW CLG : 8000303/ALIMOHAMMEDHAJIYAKUBA  | 931436 |         9019.00 |                 |       153538.48 |
 21-Aug-2014 | TO CTSIW CLG : 8000303/ASHA FISH CO/8000303\  | 931429 |         1742.00 |                 |       151796.48 |
 21-Aug-2014 | TO CTSIW CLG : 8000303/NATIONAL FISH COMPANY  | 931431 |         3254.00 |                 |       148542.48 |
 23-Aug-2014 | TO CTSIW CLG : 8000305/SHAHNAWAZ NASEEM SHA/  | 931448 |         9715.00 |                 |       138827.48 |
 26-Aug-2014 | TO CTSIW CLG : 8000307/MOHD IQBAL MOHD ALI/8  | 931420 |         6400.00 |                 |       132427.48 |
 30-Aug-2014 | 11/01/426~11/01/000426/0002                   | 931449 |        14370.00 |                 |       118057.48 |
 01-Sep-2014 | TO CTSIW CLG : 8000311/CLASSIC SEA FOODS/800  | 931450 |         7241.00 |                 |       110816.48 |
 09-Sep-2014 | BY CASH/0009                                  |        |                 |       100000.00 |       210816.48 |
 15-Sep-2014 | BY CASH/0009                                  |        |                 |       120000.00 |       330816.48 |
 16-Sep-2014 | TO TRAN/11/01/510.~11/01/000510/0002          | 934566 |         5306.00 |                 |       325510.48 |
 17-Sep-2014 | TO/AVINASH R CHALKE                           | 934553 |        12345.00 |                 |       313165.48 |
 17-Sep-2014 | TO TRAN/11/01/469~11/01/000469/0002           | 934569 |         9470.00 |                 |       303695.48 |
 17-Sep-2014 | TO CTSIW CLG : 8000325/THREESTARSEAFOODS/800  | 934555 |        15297.00 |                 |       288398.48 |
 17-Sep-2014 | TO CTSIW CLG : 8000325/RAGHUNATHMARUTIGHARE/  | 934560 |         6105.00 |                 |       282293.48 |
 17-Sep-2014 | TO CTSIW CLG : 8000325/C P  MARINE FOODS/800  | 934563 |        13925.00 |                 |       268368.48 |
 17-Sep-2014 | TO CTSIW CLG : 8000325/A ONE FISH COMPANY/80  | 934564 |         9742.00 |                 |       258626.48 |
 17-Sep-2014 | TO CTSIW CLG : 8000325/ASHRAFI FISH TRADERS/  | 934554 |        12090.00 |                 |       246536.48 |
 17-Sep-2014 | TO CTSIW CLG : 8000325/KING FISH COMPANY/800  | 934570 |         9988.00 |                 |       236548.48 |
 17-Sep-2014 | TO CTSIW CLG : 8000325/SHRI SAI SEA FOODS/80  | 934562 |         6831.00 |                 |       229717.48 |
 17-Sep-2014 | TO CTSIW CLG : 8000325/MANSOORALINAS/8000325  | 934557 |         5581.00 |                 |       224136.48 |
 17-Sep-2014 | TO CTSIW CLG : 8000325/INDIA FISH CO/8000325  | 934558 |        17721.00 |                 |       206415.48 |
-----------------------------------------------------------------------------------------------------------------------------

                                  MUMBAI DISTRICT CENTRAL CO-OP. BANK LTD.,0002-PALTON ROAD                                  
                           A B Shah Market,1st floor, Near Rly.Station,Masjid Bunder Mumbai 400003                           

Current Date  :18-Mar-2017                                                                                  UserId : REPORT02
Time : 15:31:47 PM                                                                                               Page :12 / 43
                                                    Statement Of Account                                                     
                                              From  01-Apr-2012  to  18-Mar-2017                                             

   Accountno :00021101000476
   Name: SHREYAS SEA FOOD SUPPLIERS
   Address :SHIV SHAKT,SHAMBHAJI NAGAR,SHIVNERI CHAWL
   ST ANTHONY RS, NR KARNATAKA HIGH SCHOOL,CHEMBUR
   MUMBAI - 400071
   Limit:0                                 INR
   Joint Holder:
=============================================================================================================================
 Trans. Date | Particulars                                   | InstNo |      Debit Amt. |     Credit Amt. |         Balance |
=============================================================================================================================
 Opening Bal |                                                                                                    206415.48 |
 19-Sep-2014 | TO CTSIW CLG : 8000327/EKTA SEA FOODS/800032  | 934565 |         6257.00 |                 |       200158.48 |
 19-Sep-2014 | TO CTSIW CLG : 8000327/ABDUL KADAR/8000327\9  | 934551 |         5445.00 |                 |       194713.48 |
 19-Sep-2014 | TO CTSIW CLG : 8000327/AJIT KASHINATH PATIL/  | 934552 |         5766.00 |                 |       188947.48 |
 19-Sep-2014 | TO CTSIW CLG : 8000327/KARANFISHCOMP/8000327  | 934561 |        14355.00 |                 |       174592.48 |
 19-Sep-2014 | TO CASH SELFR I PAWAR                         | 934556 |         6534.00 |                 |       168058.48 |
 20-Sep-2014 | TO CHEQUEBOOK ISSUE CHARGES                   |        |          168.00 |                 |       167890.48 |
 23-Sep-2014 | BY CASH/0009                                  |        |                 |       140000.00 |       307890.48 |
 24-Sep-2014 | TO CTSIW CLG : 8000331/MAHESHFISHCOMPANY/800  | 934573 |        19155.00 |                 |       288735.48 |
 24-Sep-2014 | TO CTSIW CLG : 8000331/AMOLSEAFOODS/8000331\  | 934572 |        11539.00 |                 |       277196.48 |
 24-Sep-2014 | TO CTSIW CLG : 8000331/ABHA FISH CO/8000331\  | 934559 |         8870.00 |                 |       268326.48 |
 26-Sep-2014 | TO CTSIW CLG : 8000333/CLASSIC SEA FOODS/800  | 934574 |         3810.00 |                 |       264516.48 |
 26-Sep-2014 | TO CTSIW CLG : 8000333/ASHA FISH CO/8000333\  | 934576 |        23340.00 |                 |       241176.48 |
 27-Sep-2014 | TO CTSIW CLG : 8000334/ZOAIB SEA FOOD/800033  | 934575 |         8956.00 |                 |       232220.48 |
 29-Sep-2014 | 11/01/482~11/01/000482/0002                   | 934582 |         4886.00 |                 |       227334.48 |
 30-Sep-2014 | TO CTSIW CLG : 8000336/MANE PREMANAND RAJARA  | 934571 |        10112.00 |                 |       217222.48 |
 30-Sep-2014 | TO INCIDENTAL CHARGES                         |        |          224.72 |                 |       216997.76 |
 01-Oct-2014 | TO CTSIW CLG : 8000337/HAMVI FISHERIES/80003  | 934581 |        27157.00 |                 |       189840.76 |
 04-Oct-2014 | TO CTSIW CLG : 8000338/DHANAJI R VEER/800033  | 934580 |        19500.00 |                 |       170340.76 |
 04-Oct-2014 | TO CTSIW CLG : 8000338/DHANAJI R VEER/800033  | 934567 |        21000.00 |                 |       149340.76 |
 08-Oct-2014 | BY CASH/0009                                  |        |                 |        69000.00 |       218340.76 |
 11-Oct-2014 | TO CTSIW CLG : 8000343/ASHOK BHIMRAO PATIL/8  | 934583 |        20000.00 |                 |       198340.76 |
 13-Oct-2014 | BY CASH                                       |        |                 |       102000.00 |       300340.76 |
 18-Oct-2014 | BY CLG BY CLG/818446/99900325/2805/032        | 818446 |                 |        30000.00 |       330340.76 |
 21-Oct-2014 | 11/01/492~11/01/000492/0002                   | 934586 |        11450.00 |                 |       318890.76 |
 22-Oct-2014 | TO CTSIW CLG : 8000352/NATIONAL FISH COMPANY  | 934590 |         6180.00 |                 |       312710.76 |
 22-Oct-2014 | TO CTSIW CLG : 8000352/NASEEM AND SONS/80003  | 934588 |         6470.00 |                 |       306240.76 |
 22-Oct-2014 | TO CTSIW CLG : 8000352/SHREYAS SES FOOD/8000  | 934585 |        24313.00 |                 |       281927.76 |
 25-Oct-2014 | TO CTSIW CLG : 8000353/ALMAS FISHERS/8000353  | 934589 |         7175.00 |                 |       274752.76 |
 25-Oct-2014 | TO CTSIW CLG : 8000353/HINDURAO VASANT GURAV  | 934584 |        19000.00 |                 |       255752.76 |
 25-Oct-2014 | TO CTSIW CLG : 8000353/INDIA FISH CO/8000353  | 934592 |         9267.00 |                 |       246485.76 |
 27-Oct-2014 | BY CASH/0009                                  |        |                 |       105000.00 |       351485.76 |
 27-Oct-2014 | TO CASH ADAM KASAM                            | 934597 |        17125.00 |                 |       334360.76 |
 27-Oct-2014 | 11/01/469~11/01/000469/0002                   | 934595 |         8520.00 |                 |       325840.76 |
 27-Oct-2014 | 11/01/482~11/01/000482/0002                   | 936854 |        18725.00 |                 |       307115.76 |
 27-Oct-2014 | 11/6/264~11/06/000264/0002                    | 934600 |        10603.00 |                 |       296512.76 |
 28-Oct-2014 | 11/01/461~11/01/000461/0002                   | 934587 |         5800.00 |                 |       290712.76 |
 28-Oct-2014 | 11-01-497~11/01/000497/0002                   | 934593 |         9835.00 |                 |       280877.76 |
 28-Oct-2014 | TO CTSIW CLG : 8000355/RAGHUNATHMARUTIGHARE/  | 934599 |         8715.00 |                 |       272162.76 |
 28-Oct-2014 | TO CTSIW CLG : 8000355/ALNAZIRSEAFOODS/80003  | 936853 |        20900.00 |                 |       251262.76 |
 28-Oct-2014 | TO CTSIW CLG : 8000355/CLASSIC SEA FOODS/800  | 936852 |        18155.00 |                 |       233107.76 |
 28-Oct-2014 | TO CTSIW CLG : 8000355/MARINE PLAZA/8000355\  | 934598 |        10595.00 |                 |       222512.76 |
 28-Oct-2014 | TO CTSIW CLG : 8000355/SHREYAS SEA/8000355\9  | 934596 |         3520.00 |                 |       218992.76 |
 29-Oct-2014 | TO CTSIW CLG : 8000356/ANIKET  PRADEEP GHIVA  | 934594 |        10940.00 |                 |       208052.76 |
 29-Oct-2014 | TO CTSIW CLG : 8000356/SHREYAS SEA/8000356\9  | 936855 |        11560.00 |                 |       196492.76 |
 29-Oct-2014 | TO CTSIW CLG : 8000356/ZOAIB SEA FOOD/800035  | 936851 |         8555.00 |                 |       187937.76 |
 05-Nov-2014 | BY CASH/0009                                  |        |                 |        75800.00 |       263737.76 |
 07-Nov-2014 | BY CASH                                       |        |                 |        95000.00 |       358737.76 |
 10-Nov-2014 | TO CHEQUEBOOK ISSUE CHARGES                   |        |          168.00 |                 |       358569.76 |
-----------------------------------------------------------------------------------------------------------------------------

                                  MUMBAI DISTRICT CENTRAL CO-OP. BANK LTD.,0002-PALTON ROAD                                  
                           A B Shah Market,1st floor, Near Rly.Station,Masjid Bunder Mumbai 400003                           

Current Date  :18-Mar-2017                                                                                  UserId : REPORT02
Time : 15:31:47 PM                                                                                               Page :13 / 43
                                                    Statement Of Account                                                     
                                              From  01-Apr-2012  to  18-Mar-2017                                             

   Accountno :00021101000476
   Name: SHREYAS SEA FOOD SUPPLIERS
   Address :SHIV SHAKT,SHAMBHAJI NAGAR,SHIVNERI CHAWL
   ST ANTHONY RS, NR KARNATAKA HIGH SCHOOL,CHEMBUR
   MUMBAI - 400071
   Limit:0                                 INR
   Joint Holder:
=============================================================================================================================
 Trans. Date | Particulars                                   | InstNo |      Debit Amt. |     Credit Amt. |         Balance |
=============================================================================================================================
 Opening Bal |                                                                                                    358569.76 |
 14-Nov-2014 | TO CTSIW CLG : 8000368/DHANAJI R VEER/800036  | 936856 |        20140.00 |                 |       338429.76 |
 24-Nov-2014 | TO TANAJI CHORGE                              | 936878 |        17417.00 |                 |       321012.76 |
 24-Nov-2014 | TO TR 11/01/386~11/01/000386/0002             | 936867 |        13961.00 |                 |       307051.76 |
 24-Nov-2014 | BY CASH/0009                                  |        |                 |       198500.00 |       505551.76 |
 24-Nov-2014 | TO TR 11/01/492~11/01/000492/0002             | 936860 |         4000.00 |                 |       501551.76 |
 24-Nov-2014 | TO TR 11/06/262~11/06/000264/0002             | 936877 |        16756.00 |                 |       484795.76 |
 25-Nov-2014 | TO CTSIW CLG : 8000377/JANAKI JEEVAN ENTERPR  | 936872 |         6415.00 |                 |       478380.76 |
 25-Nov-2014 | TO CTSIW CLG : 8000377/PRADEEP LAXMAN GHIVAL  | 936868 |        11034.00 |                 |       467346.76 |
 25-Nov-2014 | TO CTSIW CLG : 8000377/IMRANSEAFOOD/8000377\  | 936865 |         5187.00 |                 |       462159.76 |
 25-Nov-2014 | TO CTSIW CLG : 8000377/TO CLEARING/8000377\9  | 936857 |        11128.00 |                 |       451031.76 |
 25-Nov-2014 | TO CTSIW CLG : 8000377/EKTA SEA FOODS/800037  | 936873 |        13608.00 |                 |       437423.76 |
 25-Nov-2014 | TO CTSIW CLG : 8000377/MADINA SEA FOOD/80003  | 936879 |        19863.00 |                 |       417560.76 |
 25-Nov-2014 | TO CTSIW CLG : 8000377/AFZAL MEHMOOD MULTANI  | 936861 |        13632.00 |                 |       403928.76 |
 25-Nov-2014 | TO CTSIW CLG : 8000377/ALMAS FISHERIES/80003  | 936880 |        18731.00 |                 |       385197.76 |
 25-Nov-2014 | TO CTSIW CLG : 8000377/SMFISHCO/8000377\9368  | 936869 |        11008.00 |                 |       374189.76 |
 25-Nov-2014 | TO CTSIW CLG : 8000377/KINGFISHCOMPA/8000377  | 936871 |        14677.00 |                 |       359512.76 |
 25-Nov-2014 | TO CTSIW CLG : 8000377/SHREYAS SEA/8000377\9  | 936874 |        22092.00 |                 |       337420.76 |
 25-Nov-2014 | TO CTSIW CLG : 8000377/SHREYAS SEA/8000377\9  | 936866 |         8314.00 |                 |       329106.76 |
 25-Nov-2014 | TO CTSIW CLG : 8000377/SHREYAS SEA/8000377\9  | 936858 |         9504.00 |                 |       319602.76 |
 25-Nov-2014 | TO TR 11/01/479~11/01/000479/0002             | 936859 |         8811.00 |                 |       310791.76 |
 26-Nov-2014 | TO CTSIW CLG : 8000378/JAMIL CRAB AND FISH S  | 936875 |        22880.00 |                 |       287911.76 |
 26-Nov-2014 | TO CTSIW CLG : 8000378/ASHA FISH CO./8000378  | 936863 |        22562.00 |                 |       265349.76 |
 28-Nov-2014 | 11/01/469~11/01/000469/0002                   | 936883 |        16170.00 |                 |       249179.76 |
 29-Nov-2014 | TO CTSIW CLG : 8000381/HAMVI FISHERIES/80003  | 936885 |        17460.00 |                 |       231719.76 |
 01-Dec-2014 | BY CASH/0009                                  |        |                 |        68000.00 |       299719.76 |
 01-Dec-2014 | TO CTSIW CLG : 8000382/RAGHUNATHMARUTIGHARE/  | 936884 |        16585.00 |                 |       283134.76 |
 01-Dec-2014 | TO CTSIW CLG : 8000382/CLASSIC SEA FOODS/800  | 936887 |        13100.00 |                 |       270034.76 |
 01-Dec-2014 | TO CTSIW CLG : 8000382/INDIA FISH CO/8000382  | 936888 |        16730.00 |                 |       253304.76 |
 02-Dec-2014 | TO CTSIW CLG : 8000383/SANSEAFOODS/8000383\9  | 936881 |        14559.00 |                 |       238745.76 |
 02-Dec-2014 | TO CTSIW CLG : 8000383/AMOLSEAFOODS/8000383\  | 936882 |        11860.00 |                 |       226885.76 |
 02-Dec-2014 | TO CTSIW CLG : 8000383/NATIONAL FISH COMPANY  | 936886 |         7300.00 |                 |       219585.76 |
 03-Dec-2014 | TO CTSIW CLG : 8000384/ASHOK B PATIL/8000384  | 936876 |        20000.00 |                 |       199585.76 |
 04-Dec-2014 | TO CTSIW CLG : 8000385/SHREYAS SEA/8000385\9  | 936889 |         7725.00 |                 |       191860.76 |
 04-Dec-2014 | TO CTSIW CLG : 8000385/SHREYAS SEA/8000385\9  | 936870 |         5990.00 |                 |       185870.76 |
 05-Dec-2014 | TO CTSIW CLG : 8000386/HINDURAO VASANT GURAV  | 936890 |        23000.00 |                 |       162870.76 |
 09-Dec-2014 | BY CASH/0009                                  |        |                 |        98500.00 |       261370.76 |
 09-Dec-2014 | TO CASH MOHD NAEEM                            | 936897 |         9745.00 |                 |       251625.76 |
 09-Dec-2014 | 11/01/469~11/01/000469/0002                   | 936899 |         7901.00 |                 |       243724.76 |
 09-Dec-2014 | 11/01/461~11/01/000461/0002                   | 936891 |        13083.00 |                 |       230641.76 |
 10-Dec-2014 | TO CTSIW CLG : 8000390/SMFISHCO/8000390\9368  | 936893 |        11459.00 |                 |       219182.76 |
 10-Dec-2014 | TO CTSIW CLG : 8000390/THREESTARSEAF/8000390  | 936892 |        12783.00 |                 |       206399.76 |
 10-Dec-2014 | TO CTSIW CLG : 8000390/RAGHUNATHMARUT/800039  | 936898 |        11032.00 |                 |       195367.76 |
 10-Dec-2014 | TO CTSIW CLG : 8000390/NATIONAL FISH COMPANY  | 936894 |         8216.00 |                 |       187151.76 |
 10-Dec-2014 | TO CTSIW CLG : 8000390/SHRI SAI SEA FOODS/80  | 936895 |         7557.00 |                 |       179594.76 |
 10-Dec-2014 | BY CASH                                       |        |                 |       137400.00 |       316994.76 |
 10-Dec-2014 | 11/01/497~11/01/000497/0002                   | 938702 |         5084.00 |                 |       311910.76 |
 10-Dec-2014 | 11/01/519~11/01/000519/0002                   | 938706 |        12625.00 |                 |       299285.76 |
 11-Dec-2014 | TO TRAN/11/01492.~11/01/000492/0002           | 938722 |        13005.00 |                 |       286280.76 |
-----------------------------------------------------------------------------------------------------------------------------

                                  MUMBAI DISTRICT CENTRAL CO-OP. BANK LTD.,0002-PALTON ROAD                                  
                           A B Shah Market,1st floor, Near Rly.Station,Masjid Bunder Mumbai 400003                           

Current Date  :18-Mar-2017                                                                                  UserId : REPORT02
Time : 15:31:47 PM                                                                                               Page :14 / 43
                                                    Statement Of Account                                                     
                                              From  01-Apr-2012  to  18-Mar-2017                                             

   Accountno :00021101000476
   Name: SHREYAS SEA FOOD SUPPLIERS
   Address :SHIV SHAKT,SHAMBHAJI NAGAR,SHIVNERI CHAWL
   ST ANTHONY RS, NR KARNATAKA HIGH SCHOOL,CHEMBUR
   MUMBAI - 400071
   Limit:0                                 INR
   Joint Holder:
=============================================================================================================================
 Trans. Date | Particulars                                   | InstNo |      Debit Amt. |     Credit Amt. |         Balance |
=============================================================================================================================
 Opening Bal |                                                                                                    286280.76 |
 11-Dec-2014 | TO TRAN/11/01/479/OMKAR FISH~11/01/000479/000 | 938709 |        10741.00 |                 |       275539.76 |
 11-Dec-2014 | TO TRAN/110/01/525/SAI SEA FOODS~11/01/000525 | 938703 |         9775.00 |                 |       265764.76 |
 11-Dec-2014 | TO CTSIW CLG : 8000391/SACHIN B KALANTRE/800  | 938704 |        14603.00 |                 |       251161.76 |
 11-Dec-2014 | TO CTSIW CLG : 8000391/INDIA FISH CO/8000391  | 938705 |         7788.00 |                 |       243373.76 |
 11-Dec-2014 | TO CTSIW CLG : 8000391/C P  MARINE FOODS/800  | 938708 |         4926.00 |                 |       238447.76 |
 11-Dec-2014 | TO TRAN/11/06/264~11/06/000264/0002           | 938718 |        27418.00 |                 |       211029.76 |
 11-Dec-2014 | TO TRAN/11/01/510.~11/01/000510/0002          | 938711 |         3165.00 |                 |       207864.76 |
 12-Dec-2014 | TO CTSIW CLG : 8000392/SHREYAS SEA FOOD/8000  | 938721 |        21186.00 |                 |       186678.76 |
 12-Dec-2014 | TO CTSIW CLG : 8000392/YASIR SEA FOODS/80003  | 938724 |        21062.00 |                 |       165616.76 |
 12-Dec-2014 | TO CTSIW CLG : 8000392/AFZAL MEHMOOD MULTANI  | 938715 |         3400.00 |                 |       162216.76 |
 12-Dec-2014 | TO CTSIW CLG : 8000392/A-ONE FISH COMPANY/80  | 938713 |         7722.00 |                 |       154494.76 |
 12-Dec-2014 | TO CTSIW CLG : 8000392/ASHA FISH CO./8000392  | 938701 |        25526.00 |                 |       128968.76 |
 12-Dec-2014 | TO CHEQUEBOOK ISSUE CHARGES                   |        |          168.00 |                 |       128800.76 |
 13-Dec-2014 | BY CASH/0009                                  |        |                 |        45000.00 |       173800.76 |
 13-Dec-2014 | 11/06/66~11/06/000066/0002                    | 938725 |         8930.00 |                 |       164870.76 |
 13-Dec-2014 | TO CTSIW CLG : 8000393/PRADEEP  MOHAN SALUNK  | 938719 |         8853.00 |                 |       156017.76 |
 13-Dec-2014 | TO CTSIW CLG : 8000393/DHANAJI R VEER/800039  | 936900 |        19100.00 |                 |       136917.76 |
 13-Dec-2014 | TO CTSIW CLG : 8000393/SHREYAS SE/8000393\93  | 938716 |         5058.00 |                 |       131859.76 |
 13-Dec-2014 | TO CTSIW CLG : 8000393/SHREYAS SEA/8000393\9  | 938720 |         3794.00 |                 |       128065.76 |
 13-Dec-2014 | TO CTSIW CLG : 8000393/SHREYAS/8000393\93871  | 938717 |         6630.00 |                 |       121435.76 |
 13-Dec-2014 | TO CTSIW CLG : 8000393/CHISTIYASEAFOOD/80003  | 936896 |        12133.00 |                 |       109302.76 |
 15-Dec-2014 | TO CTSIW CLG : 8000394/NM/SVIRAJ FISH TRADER  | 938712 |         7461.00 |                 |       101841.76 |
 16-Dec-2014 | TO CTSIW CLG : 8000395/VARSHARANI AJIT PATIL  | 938723 |        13821.00 |                 |        88020.76 |
 17-Dec-2014 | TO CTSIW CLG : 8000396/KOKAN FISH/8000396\93  | 938714 |         3841.00 |                 |        84179.76 |
 19-Dec-2014 | BY CASH                                       |        |                 |        70000.00 |       154179.76 |
 22-Dec-2014 | 11/01/386~11/01/000386/0002                   | 938727 |         7115.00 |                 |       147064.76 |
 22-Dec-2014 | BY CASH                                       |        |                 |       160000.00 |       307064.76 |
 22-Dec-2014 | TO CTSIW CLG : 8000400/MR   SANTOSH BABAJI T  | 938726 |         3875.00 |                 |       303189.76 |
 23-Dec-2014 | TO TRANSFER  11/01/426~11/01/000426/0002      | 938729 |        13300.00 |                 |       289889.76 |
 24-Dec-2014 | TO CTSIW CLG : 8000402/ALNAZIRSEAFOODS/80004  | 938732 |         8541.00 |                 |       281348.76 |
 24-Dec-2014 | TO CTSIW CLG : 8000402/AJMERIFRESHFI/8000402  | 938734 |         6302.00 |                 |       275046.76 |
 24-Dec-2014 | TO CTSIW CLG : 8000402/SHREYAS SEA/8000402\9  | 938730 |         6789.00 |                 |       268257.76 |
 24-Dec-2014 | 11/01/524~11/01/000524/0002                   | 938735 |         3200.00 |                 |       265057.76 |
 26-Dec-2014 | TO CTSIW CLG : 8000403/HAMVI FISHERIES/80004  | 938731 |        26739.00 |                 |       238318.76 |
 26-Dec-2014 | TO CTSIW CLG : 8000403/KOKAN FISH/8000403\93  | 938728 |         8110.00 |                 |       230208.76 |
 26-Dec-2014 | TO CTSIW CLG : 8000403/MOHAMEDESSAPATELAND/8  | 938736 |        17670.00 |                 |       212538.76 |
 26-Dec-2014 | TO CTSIW CLG : 8000403/REAL FRESH FISH/80004  | 938737 |        23850.00 |                 |       188688.76 |
 27-Dec-2014 | BY CASH                                       |        |                 |        20500.00 |       209188.76 |
 27-Dec-2014 | TO CASH SAMIR HOSEN                           | 938741 |         7600.00 |                 |       201588.76 |
 29-Dec-2014 | BY CASH                                       |        |                 |        96000.00 |       297588.76 |
 29-Dec-2014 | TO CTSIW CLG : 8000405/DHANAJI R VEER/800040  | 938739 |        20000.00 |                 |       277588.76 |
 01-Jan-2015 | TO CTSIW CLG : 8000408/JAMIL CRAB AND FISH S  | 938740 |        19640.00 |                 |       257948.76 |
 01-Jan-2015 | TO INWREJ.CHRGS:938733                        |        |          313.00 |                 |       257635.76 |
 02-Jan-2015 | TO CTSIW CLG : 8000409/OM SAI CO OP CREDIT S  | 938742 |        10100.00 |                 |       247535.76 |
 06-Jan-2015 | TO CTSIW CLG : 8000412/AMOLSEAFOODS/8000412\  | 938733 |         8639.00 |                 |       238896.76 |
 07-Jan-2015 | BY CASH                                       |        |                 |        40000.00 |       278896.76 |
 09-Jan-2015 | TO CTSIW CLG : 8000415/HINDURAO VASANT GURAV  | 938743 |        25000.00 |                 |       253896.76 |
 15-Jan-2015 | BY CASH                                       |        |                 |       240000.00 |       493896.76 |
-----------------------------------------------------------------------------------------------------------------------------

                                  MUMBAI DISTRICT CENTRAL CO-OP. BANK LTD.,0002-PALTON ROAD                                  
                           A B Shah Market,1st floor, Near Rly.Station,Masjid Bunder Mumbai 400003                           

Current Date  :18-Mar-2017                                                                                  UserId : REPORT02
Time : 15:31:47 PM                                                                                               Page :15 / 43
                                                    Statement Of Account                                                     
                                              From  01-Apr-2012  to  18-Mar-2017                                             

   Accountno :00021101000476
   Name: SHREYAS SEA FOOD SUPPLIERS
   Address :SHIV SHAKT,SHAMBHAJI NAGAR,SHIVNERI CHAWL
   ST ANTHONY RS, NR KARNATAKA HIGH SCHOOL,CHEMBUR
   MUMBAI - 400071
   Limit:0                                 INR
   Joint Holder:
=============================================================================================================================
 Trans. Date | Particulars                                   | InstNo |      Debit Amt. |     Credit Amt. |         Balance |
=============================================================================================================================
 Opening Bal |                                                                                                    493896.76 |
 16-Jan-2015 | TO TRANSFER 11/06/264~11/06/000264/0002       | 938748 |        15250.00 |                 |       478646.76 |
 17-Jan-2015 | TO CTSIW CLG : 8000422/TELE PANDURANG SHAMRA  | 938747 |         3720.00 |                 |       474926.76 |
 17-Jan-2015 | TO CTSIW CLG : 8000422/FARHANYUSUFBHUT/80004  | 938744 |         4880.00 |                 |       470046.76 |
 19-Jan-2015 | 11/01/492~11/01/000492/0002                   | 939917 |         6895.00 |                 |       463151.76 |
 19-Jan-2015 | 11/01/469~11/01/000469/0002                   | 939911 |         6633.00 |                 |       456518.76 |
 19-Jan-2015 | 11/01/426~11/01/000426/0002                   | 939907 |        10571.00 |                 |       445947.76 |
 19-Jan-2015 | 11/01/386~11/01/000386/0002                   | 939919 |        12900.00 |                 |       433047.76 |
 19-Jan-2015 | TO CTSIW CLG : 8000423/TO CLEARING/8000423\9  | 938745 |        12460.00 |                 |       420587.76 |
 19-Jan-2015 | TO CTSIW CLG : 8000423/RAJARAM RAMCHANDRA SA  | 938746 |         5935.00 |                 |       414652.76 |
 19-Jan-2015 | TO CHEQUEBOOK ISSUE CHARGES                   |        |          168.00 |                 |       414484.76 |
 20-Jan-2015 | BY CASH                                       |        |                 |       100000.00 |       514484.76 |
 20-Jan-2015 | TO CTSIW CLG : 8000424/GANESH  FISH COMPANY/  | 939918 |         8633.00 |                 |       505851.76 |
 20-Jan-2015 | TO CTSIW CLG : 8000424/KINGFISHCOMPANY/80004  | 939913 |        16415.00 |                 |       489436.76 |
 20-Jan-2015 | TO CTSIW CLG : 8000424/NATIONAL FISH COMPANY  | 939910 |         9490.00 |                 |       479946.76 |
 20-Jan-2015 | TO CTSIW CLG : 8000424/AFZAL MEHMOOD MULTANI  | 939908 |         2815.00 |                 |       477131.76 |
 20-Jan-2015 | TO CTSIW CLG : 8000424/SHREYAS SEA/8000424\9  | 939903 |        21700.00 |                 |       455431.76 |
 20-Jan-2015 | TO CTSIW CLG : 8000424/SHREYA SEA/8000424\93  | 939904 |         5927.00 |                 |       449504.76 |
 20-Jan-2015 | TO CTSIW CLG : 8000424/SHREYAS SEA/8000424\9  | 939909 |         2354.00 |                 |       447150.76 |
 20-Jan-2015 | TO CTSIW CLG : 8000424/ASHRAF FISH TRADERS/8  | 939905 |         4235.00 |                 |       442915.76 |
 20-Jan-2015 | TO CTSIW CLG : 8000424/MATA YASHODA SEA/8000  | 939914 |         9912.00 |                 |       433003.76 |
 20-Jan-2015 | TO CTSIW CLG : 8000424/CHISTIYASEAFOOD/80004  | 939902 |         7765.00 |                 |       425238.76 |
 20-Jan-2015 | 10/01/9269~10/01/009269/0002                  | 938749 |         5940.00 |                 |       419298.76 |
 21-Jan-2015 | 11/01/461~11/01/000461/0002                   | 939923 |        10590.00 |                 |       408708.76 |
 21-Jan-2015 | TO CTSIW CLG : 8000425/SHREYAS SEA FOOD/8000  | 939920 |        10350.00 |                 |       398358.76 |
 21-Jan-2015 | TO CTSIW CLG : 8000425/INDIA FISH CO/8000425  | 939922 |        11007.00 |                 |       387351.76 |
 21-Jan-2015 | TO CTSIW CLG : 8000425/PRADEEP  MOHAN SALUNK  | 938750 |         7020.00 |                 |       380331.76 |
 21-Jan-2015 | TO CTSIW CLG : 8000425/SHRI SAI SEA FOODS/80  | 939929 |         4540.00 |                 |       375791.76 |
 21-Jan-2015 | TO CTSIW CLG : 8000425/THREESTARSEAFOODS/800  | 939927 |        13666.00 |                 |       362125.76 |
 21-Jan-2015 | TO CTSIW CLG : 8000425/ASHOK BHIMARAO PATIL/  | 938738 |        20000.00 |                 |       342125.76 |
 21-Jan-2015 | TO CTSIW CLG : 8000425/AJMERIFRESHFI/8000425  | 939924 |        14660.00 |                 |       327465.76 |
 21-Jan-2015 | TO CTSIW CLG : 8000425/RAMESHJAYSINGPATIL/80  | 939926 |         4640.00 |                 |       322825.76 |
 21-Jan-2015 | 11/01/524~11/01/000524/0002                   | 939916 |        14513.00 |                 |       308312.76 |
 22-Jan-2015 | TO CTSIW CLG : 8000426/CHAUHAN FAIZANRAJA NO  | 939906 |        15179.00 |                 |       293133.76 |
 22-Jan-2015 | TO CTSIW CLG : 8000426/EKTA SEA FOODS/800042  | 939901 |         9210.00 |                 |       283923.76 |
 22-Jan-2015 | TO CTSIW CLG : 8000426/ANANDA  NAMDEV PAWAR/  | 939930 |         3180.00 |                 |       280743.76 |
 22-Jan-2015 | TO CTSIW CLG : 8000426/ANANDA  NAMDEV PAWAR/  | 939931 |         2295.00 |                 |       278448.76 |
 22-Jan-2015 | TO CTSIW CLG : 8000426/SHREYAS SEA FOOD SUPP  | 939925 |         6840.00 |                 |       271608.76 |
 22-Jan-2015 | TO CTSIW CLG : 8000426/KULABA SEA FOODS/8000  | 939921 |         5720.00 |                 |       265888.76 |
 22-Jan-2015 | 11/01/519~11/01/000519/0002                   | 939933 |         2883.00 |                 |       263005.76 |
 23-Jan-2015 | TO CTSIW CLG : 8000427/ASHA FISH CO./8000427  | 939936 |        19043.00 |                 |       243962.76 |
 23-Jan-2015 | TO CTSIW CLG : 8000427/YASIR SEA FOODS/80004  | 939935 |         1844.00 |                 |       242118.76 |
 23-Jan-2015 | TO CTSIW CLG : 8000427/REAL FRESH FISH/80004  | 939942 |        21413.00 |                 |       220705.76 |
 23-Jan-2015 | TO CTSIW CLG : 8000427/CLASSIC SEA FOODS/800  | 939941 |        62021.00 |                 |       158684.76 |
 23-Jan-2015 | TO CTSIW CLG : 8000427/HAMVI FISHERIES/80004  | 939938 |        33682.00 |                 |       125002.76 |
 23-Jan-2015 | TO CTSIW CLG : 8000427/RAGHUNATHMARUTIGHARE/  | 939934 |         2220.00 |                 |       122782.76 |
 23-Jan-2015 | TO CTSIW CLG : 8000427/SHREYAS/8000427\93994  | 939943 |         5695.00 |                 |       117087.76 |
 24-Jan-2015 | TO CTSIW CLG : 8000428/ZOAIB SEA FOOD/800042  | 939944 |        11904.00 |                 |       105183.76 |
 24-Jan-2015 | TO CTSIW CLG : 8000428/SANSEAFOODS/8000428\9  | 939939 |        17886.00 |                 |        87297.76 |
-----------------------------------------------------------------------------------------------------------------------------

                                  MUMBAI DISTRICT CENTRAL CO-OP. BANK LTD.,0002-PALTON ROAD                                  
                           A B Shah Market,1st floor, Near Rly.Station,Masjid Bunder Mumbai 400003                           

Current Date  :18-Mar-2017                                                                                  UserId : REPORT02
Time : 15:31:47 PM                                                                                               Page :16 / 43
                                                    Statement Of Account                                                     
                                              From  01-Apr-2012  to  18-Mar-2017                                             

   Accountno :00021101000476
   Name: SHREYAS SEA FOOD SUPPLIERS
   Address :SHIV SHAKT,SHAMBHAJI NAGAR,SHIVNERI CHAWL
   ST ANTHONY RS, NR KARNATAKA HIGH SCHOOL,CHEMBUR
   MUMBAI - 400071
   Limit:0                                 INR
   Joint Holder:
=============================================================================================================================
 Trans. Date | Particulars                                   | InstNo |      Debit Amt. |     Credit Amt. |         Balance |
=============================================================================================================================
 Opening Bal |                                                                                                     87297.76 |
 24-Jan-2015 | TO CTSIW CLG : 8000428/KARANFISHCOMP/8000428  | 939915 |         4854.00 |                 |        82443.76 |
 24-Jan-2015 | TO CTSIW CLG : 8000428/BALKRISHAN B THAKUR/8  | 939932 |         5973.00 |                 |        76470.76 |
 24-Jan-2015 | BY CASH                                       |        |                 |       160000.00 |       236470.76 |
 28-Jan-2015 | TO CTSIW CLG : 8000430/MOHAMEDESSAPA/8000430  | 939940 |         3468.00 |                 |       233002.76 |
 28-Jan-2015 | TO CTSIW CLG : 8000430/M Y SEA FOODS/8000430  | 939912 |         2800.00 |                 |       230202.76 |
 30-Jan-2015 | TO CTSIW CLG : 8000432/MR   SANTOSH BABAJI T  | 939928 |         7773.00 |                 |       222429.76 |
 31-Jan-2015 | TO CTSIW CLG : 8000433/DHANAJI R VEER/800043  | 939945 |        21000.00 |                 |       201429.76 |
 05-Feb-2015 | TO CTSIW CLG : 8000437/ASHOK BHIMRAO PATIL/8  | 939946 |        30000.00 |                 |       171429.76 |
 06-Feb-2015 | BY CASH                                       |        |                 |        85000.00 |       256429.76 |
 07-Feb-2015 | BY CLG BY CLG/51961/99900416/1705/032         |  51961 |                 |        30000.00 |       286429.76 |
 09-Feb-2015 | TO CTSIW CLG : 8000440/MR   DHAME VILAS SHIV  | 939947 |         4500.00 |                 |       281929.76 |
 12-Feb-2015 | TO CASH MOHD NAEEM CHAOHAN                    | 941509 |        15400.00 |                 |       266529.76 |
 12-Feb-2015 | 11/01/469~11/01/000469/0002                   | 941519 |         4000.00 |                 |       262529.76 |
 12-Feb-2015 | 11/01/510~11/01/000510/0002                   | 941521 |        13544.00 |                 |       248985.76 |
 12-Feb-2015 | BY CASH                                       |        |                 |       128000.00 |       376985.76 |
 12-Feb-2015 | TO CASH LAXMAN CHALKE                         | 941514 |         9577.00 |                 |       367408.76 |
 12-Feb-2015 | TO CHEQUEBOOK ISSUE CHARGES                   |        |          168.00 |                 |       367240.76 |
 13-Feb-2015 | 11/01/386~11/01/000386/0002                   | 941513 |        12360.00 |                 |       354880.76 |
 13-Feb-2015 | 11/01/426~11/01/000426/0002                   | 941512 |         3228.00 |                 |       351652.76 |
 13-Feb-2015 | TO CTSIW CLG : 8000444/KINGFISHCOMPANY/80004  | 939950 |        11222.00 |                 |       340430.76 |
 13-Feb-2015 | TO CTSIW CLG : 8000444/AJMERIFRESHFISH/80004  | 941508 |        14162.00 |                 |       326268.76 |
 13-Feb-2015 | TO CTSIW CLG : 8000444/THREESTARSEAFOODS/800  | 939949 |        10775.00 |                 |       315493.76 |
 13-Feb-2015 | TO CTSIW CLG : 8000444/AMOLSEAFOODS/8000444\  | 941515 |        40347.00 |                 |       275146.76 |
 13-Feb-2015 | TO CTSIW CLG : 8000444/INDIA FISH CO/8000444  | 941527 |        19000.00 |                 |       256146.76 |
 13-Feb-2015 | TO CTSIW CLG : 8000444/NASEEM AND SONS/80004  | 941518 |         6893.00 |                 |       249253.76 |
 13-Feb-2015 | TO CTSIW CLG : 8000444/AFZAL MEHMOOD MULTANI  | 941507 |         3070.00 |                 |       246183.76 |
 13-Feb-2015 | TO CTSIW CLG : 8000444/NATIONAL FISH COMPANY  | 941516 |         6625.00 |                 |       239558.76 |
 13-Feb-2015 | TO CTSIW CLG : 8000444/NAZIMAMOHDHUSAINMEM/8  | 941501 |         5470.00 |                 |       234088.76 |
 13-Feb-2015 | TO CTSIW CLG : 8000444/LUCKY/8000444\941506   | 941506 |         2940.00 |                 |       231148.76 |
 14-Feb-2015 | TO CTSIW CLG : 8000445/KULABA SEA FOODS/8000  | 941511 |         3200.00 |                 |       227948.76 |
 14-Feb-2015 | TO CTSIW CLG : 8000445/EKTA SEA FOODS/800044  | 941522 |        36136.00 |                 |       191812.76 |
 16-Feb-2015 | TO CTSIW CLG : 8000446/RAGHUNATHMARUT/800044  | 941520 |         2620.00 |                 |       189192.76 |
 18-Feb-2015 | TO CTSIW CLG : 8000447/VIKAS NAGARI SAHAKARI  | 941523 |        12110.00 |                 |       177082.76 |
 18-Feb-2015 | TO CTSIW CLG : 8000447/KOKAN FISH/8000447\94  | 941517 |         6910.00 |                 |       170172.76 |
 18-Feb-2015 | TO CTSIW CLG : 8000447/AKILSEAFOODS/8000447\  | 939948 |         4555.00 |                 |       165617.76 |
 18-Feb-2015 | 11/01/524~11/01/000524/0002                   | 941502 |         3675.00 |                 |       161942.76 |
 20-Feb-2015 | TO CASH SELF                                  | 941525 |        11505.00 |                 |       150437.76 |
 20-Feb-2015 | TO CTSIW CLG : 8000448/A-ONE FISH COMPANY/80  | 941529 |         7040.00 |                 |       143397.76 |
 20-Feb-2015 | BY CASH                                       |        |                 |       212300.00 |       355697.76 |
 20-Feb-2015 | TO TRANS 11/06/264~11/06/000264/0002          | 941532 |         7010.00 |                 |       348687.76 |
 21-Feb-2015 | 11/01/461~11/01/000461/0002                   | 941542 |        10500.00 |                 |       338187.76 |
 21-Feb-2015 | TO CTSIW CLG : 8000449/MILAN FISH TRADERS  P  | 941534 |         3140.00 |                 |       335047.76 |
 21-Feb-2015 | TO CTSIW CLG : 8000449/JANAKI JEEVAN ENTERPR  | 941537 |        27240.00 |                 |       307807.76 |
 21-Feb-2015 | TO CTSIW CLG : 8000449/OMKAR FISH CO/8000449  | 941536 |         6133.00 |                 |       301674.76 |
 21-Feb-2015 | TO CTSIW CLG : 8000449/RAJARAM RAMCHANDRA SA  | 941531 |         3700.00 |                 |       297974.76 |
 21-Feb-2015 | TO CTSIW CLG : 8000449/SHIRAJ HAJI/8000449\9  | 941505 |         7436.00 |                 |       290538.76 |
 21-Feb-2015 | TO CTSIW CLG : 8000449/K            SHAM/800  | 941528 |        21340.00 |                 |       269198.76 |
 21-Feb-2015 | TO CTSIW CLG : 8000449/AMAR/8000449\941535    | 941535 |        14020.00 |                 |       255178.76 |
-----------------------------------------------------------------------------------------------------------------------------

                                  MUMBAI DISTRICT CENTRAL CO-OP. BANK LTD.,0002-PALTON ROAD                                  
                           A B Shah Market,1st floor, Near Rly.Station,Masjid Bunder Mumbai 400003                           

Current Date  :18-Mar-2017                                                                                  UserId : REPORT02
Time : 15:31:47 PM                                                                                               Page :17 / 43
                                                    Statement Of Account                                                     
                                              From  01-Apr-2012  to  18-Mar-2017                                             

   Accountno :00021101000476
   Name: SHREYAS SEA FOOD SUPPLIERS
   Address :SHIV SHAKT,SHAMBHAJI NAGAR,SHIVNERI CHAWL
   ST ANTHONY RS, NR KARNATAKA HIGH SCHOOL,CHEMBUR
   MUMBAI - 400071
   Limit:0                                 INR
   Joint Holder:
=============================================================================================================================
 Trans. Date | Particulars                                   | InstNo |      Debit Amt. |     Credit Amt. |         Balance |
=============================================================================================================================
 Opening Bal |                                                                                                    255178.76 |
 21-Feb-2015 | TO CTSIW CLG : 8000449/SHIVA SAMBHO TRANSPOR  | 941526 |        11579.00 |                 |       243599.76 |
 23-Feb-2015 | BY CASH/0009                                  |        |                 |        40000.00 |       283599.76 |
 23-Feb-2015 | TO CTSIW CLG : 8000450/C P  MARINE FOODS/800  | 941533 |         8230.00 |                 |       275369.76 |
 23-Feb-2015 | TO CTSIW CLG : 8000450/PRADEEP  MOHAN SALUNK  | 941530 |         1890.00 |                 |       273479.76 |
 23-Feb-2015 | TO CTSIW CLG : 8000450/AMEY INTERNATIONAL/80  | 941540 |         4170.00 |                 |       269309.76 |
 24-Feb-2015 | TO CTSIW CLG : 8000451/REAL FRESH FISH/80004  | 941543 |        21187.00 |                 |       248122.76 |
 24-Feb-2015 | TO CTSIW CLG : 8000451/TOP KIDS     WAJID/80  | 941541 |         5570.00 |                 |       242552.76 |
 24-Feb-2015 | TO CTSIW CLG : 8000451/CLASSIC SEA FOODS/800  | 941544 |        54520.00 |                 |       188032.76 |
 24-Feb-2015 | TO CTSIW CLG : 8000451/SANSEAFOODS/8000451\9  | 941539 |        13370.00 |                 |       174662.76 |
 24-Feb-2015 | TO CTSIW CLG : 8000451/CAPITAL FISH COMPANY/  | 941545 |         5380.00 |                 |       169282.76 |
 25-Feb-2015 | TO CTSIW CLG : 8000452/HAMVI FISHERIES/80004  | 941538 |         4930.00 |                 |       164352.76 |
 25-Feb-2015 | TO CTSIW CLG : 8000452/MR   DHAME VILAS SHIV  | 941546 |         9500.00 |                 |       154852.76 |
 04-Mar-2015 | BY CASH                                       |        |                 |        76000.00 |       230852.76 |
 05-Mar-2015 | TO CHEQUEBOOK ISSUE CHARGES                   |        |          168.00 |                 |       230684.76 |
 11-Mar-2015 | 11/06/1167~11/06/001167/0002                  | 941547 |        20000.00 |                 |       210684.76 |
 13-Mar-2015 | TO - HINDURAO VASANT GURAV - INDURAO VASANT   | 941548 |        22500.00 |                 |       188184.76 |
 16-Mar-2015 | BY CASH                                       |        |                 |       129000.00 |       317184.76 |
 18-Mar-2015 | TO - KARANFISHCOMPANY - TO CTSIW CLG : 80004  | 941550 |         4253.00 |                 |       312931.76 |
 18-Mar-2015 | BY CASH                                       |        |                 |       177000.00 |       489931.76 |
 19-Mar-2015 | TO TR 11/01/426~11/01/000426/0002             | 942611 |        17177.00 |                 |       472754.76 |
 19-Mar-2015 | TO TR11/01/469~11/01/000469/0002              | 942605 |        12190.00 |                 |       460564.76 |
 19-Mar-2015 | TO TRANSFER 492~11/01/000492/0002             | 942634 |         6723.00 |                 |       453841.76 |
 19-Mar-2015 | TO CASH MOHD NAEEM CHAUHAN                    | 942618 |        31419.00 |                 |       422422.76 |
 19-Mar-2015 | TO TR 11/06/264~11/06/000264/0002             | 942602 |         4580.00 |                 |       417842.76 |
 19-Mar-2015 | TO TRA 11/01/525~11/01/000525/0002            | 942629 |         7300.00 |                 |       410542.76 |
 19-Mar-2015 | TO TR 11/01/524~11/01/000524/0002             | 942609 |         9000.00 |                 |       401542.76 |
 20-Mar-2015 | TO - INDIA FISH CO - INDIA FISH CO/8000471\9  | 942608 |        12678.00 |                 |       388864.76 |
 20-Mar-2015 | TO - SHRI SAI SEA FOODS - TO CTSIW CLG : 800  | 942614 |         4548.00 |                 |       384316.76 |
 20-Mar-2015 | TO - SAMARTH FISH CO - TO CTSIW CLG : 800047  | 942619 |         1770.00 |                 |       382546.76 |
 20-Mar-2015 | TO - NASEEM AND SONS - TO CTSIW CLG : 800047  | 942616 |         7682.00 |                 |       374864.76 |
 20-Mar-2015 | TO - ASHARAFI FISH TRADERS - TO CTSIW CLG :   | 942617 |         5605.00 |                 |       369259.76 |
 20-Mar-2015 | TO - CHAND FISH PROCESSING C - ING /8000471\  | 942613 |        18962.00 |                 |       350297.76 |
 20-Mar-2015 | TO - ALMAS FISHERIES - TO CTSIW CLG : 800047  | 942601 |        20845.00 |                 |       329452.76 |
 20-Mar-2015 | TO - C P MARINE FOODS - INE FOODS/8000471\94  | 942621 |         7207.00 |                 |       322245.76 |
 20-Mar-2015 | TO - C P MARINE FOODS - INE FOODS/8000471\94  | 942622 |         5800.00 |                 |       316445.76 |
 20-Mar-2015 | TO - JANAKI JEEVAN ENTERPRIS - TO CTSIW CLG   | 942625 |         4080.00 |                 |       312365.76 |
 20-Mar-2015 | TO - RAMESHJAYSINGPATIL - INGPATIL/8000471\9  | 942620 |         3960.00 |                 |       308405.76 |
 20-Mar-2015 | TO - CHISTIYASEAFOOD - TO CTSIW CLG : 800047  | 942610 |        14576.00 |                 |       293829.76 |
 20-Mar-2015 | TO - SANSEAFOODS - TO CTSIW CLG : 8000471/SA  | 942623 |         8037.00 |                 |       285792.76 |
 20-Mar-2015 | TO - IMRAN SEA FOOD - TO CTSIW CLG : 8000471  | 942628 |        10408.00 |                 |       275384.76 |
 20-Mar-2015 | TO - ALI MOHAMED - TO CTSIW CLG : 8000471/AL  | 942612 |         3710.00 |                 |       271674.76 |
 20-Mar-2015 | TO - K G N SEAFOODS - TO CTSIW CLG : 8000471  | 942624 |         3150.00 |                 |       268524.76 |
 21-Mar-2015 | TO - CAPITAL FISH COMPANY - TO CTSIW CLG : 8  | 942633 |         4136.00 |                 |       264388.76 |
 21-Mar-2015 | TO - MR   PRABHU DNAYNANDEO - TO CTSIW CLG :  | 942606 |         3040.00 |                 |       261348.76 |
 21-Mar-2015 | TO - JAMIL CRAB AND FISH SUP - TO CTSIW CLG   | 941524 |        14035.00 |                 |       247313.76 |
 21-Mar-2015 | TO - CLASSIC SEA FOODS - TO CTSIW CLG : 8000  | 942636 |        35675.00 |                 |       211638.76 |
 21-Mar-2015 | TO - K            SHAM - TO CTSIW CLG : 8000  | 942635 |         8613.00 |                 |       203025.76 |
 21-Mar-2015 | TO - AMAR - TO CTSIW CLG : 8000472/AMAR/8000  | 942607 |         3878.00 |                 |       199147.76 |
-----------------------------------------------------------------------------------------------------------------------------

                                  MUMBAI DISTRICT CENTRAL CO-OP. BANK LTD.,0002-PALTON ROAD                                  
                           A B Shah Market,1st floor, Near Rly.Station,Masjid Bunder Mumbai 400003                           

Current Date  :18-Mar-2017                                                                                  UserId : REPORT02
Time : 15:31:47 PM                                                                                               Page :18 / 43
                                                    Statement Of Account                                                     
                                              From  01-Apr-2012  to  18-Mar-2017                                             

   Accountno :00021101000476
   Name: SHREYAS SEA FOOD SUPPLIERS
   Address :SHIV SHAKT,SHAMBHAJI NAGAR,SHIVNERI CHAWL
   ST ANTHONY RS, NR KARNATAKA HIGH SCHOOL,CHEMBUR
   MUMBAI - 400071
   Limit:0                                 INR
   Joint Holder:
=============================================================================================================================
 Trans. Date | Particulars                                   | InstNo |      Debit Amt. |     Credit Amt. |         Balance |
=============================================================================================================================
 Opening Bal |                                                                                                    199147.76 |
 24-Mar-2015 | TO - HAMVI FISHERIES - TO CTSIW CLG : 800047  | 942637 |        26630.00 |                 |       172517.76 |
 24-Mar-2015 | TO - REAL FRESH FISH - TO CTSIW CLG : 800047  | 942638 |        40580.00 |                 |       131937.76 |
 24-Mar-2015 | TO - AJIT KASHINATH PATIL - INATH PATIL/8000  | 942604 |        10227.00 |                 |       121710.76 |
 24-Mar-2015 | TO - MOHAMEDESSAPA - TO CTSIW CLG : 8000474/  | 942640 |         8200.00 |                 |       113510.76 |
 24-Mar-2015 | TO - AMOLSEAFOODS - TO CTSIW CLG : 8000474/A  | 942627 |         5650.00 |                 |       107860.76 |
 24-Mar-2015 | TO - AMOLSEAFOODS - TO CTSIW CLG : 8000474/A  | 942631 |         6098.00 |                 |       101762.76 |
 25-Mar-2015 | BY CASH                                       |        |                 |        90000.00 |       191762.76 |
 25-Mar-2015 | TO CHEQUEBOOK ISSUE CHARGES                   |        |          168.00 |                 |       191594.76 |
 27-Mar-2015 | TO TUKARAM S PATIL                            | 942644 |         6400.00 |                 |       185194.76 |
 27-Mar-2015 | TO PNJABRAO R PATIL                           | 942645 |        25890.00 |                 |       159304.76 |
 27-Mar-2015 | TO - SHELAKE GAJANAN SHAMRAO - TO CTSIW CLG   | 942642 |         4907.00 |                 |       154397.76 |
 28-Mar-2015 | TO - ASHOK  BHIMRAO PATIL - TO CTSIW CLG : 8  | 942641 |        40000.00 |                 |       114397.76 |
 30-Mar-2015 | TO - DHANAJI R VEER, - TO CTSIW CLG : 800047  | 942643 |        21000.00 |                 |        93397.76 |
 31-Mar-2015 | TO INCIDENTAL CHARGES                         |        |          224.72 |                 |        93173.04 |
 06-Apr-2015 | TO TANAJI R CHORAGE                           | 943252 |         7515.00 |                 |        85658.04 |
 06-Apr-2015 | BY CASH                                       |        |                 |        79000.00 |       164658.04 |
 06-Apr-2015 | TO - EKTA SEA FOODS, - TO CTSIW CLG : 800048  | 942615 |         4041.00 |                 |       160617.04 |
 06-Apr-2015 | TO - AJMERIFRESHFISH - TO CTSIW CLG : 800048  | 942646 |        13290.00 |                 |       147327.04 |
 06-Apr-2015 | BY CASH/0009                                  |        |                 |        52000.00 |       199327.04 |
 07-Apr-2015 | BY CASH                                       |        |                 |       130000.00 |       329327.04 |
 08-Apr-2015 | TO CASH SELF                                  | 943276 |         9560.00 |                 |       319767.04 |
 08-Apr-2015 | TO TR 11/01/461~11/01/000461/0002             | 943271 |         7520.00 |                 |       312247.04 |
 08-Apr-2015 | TO TR 11/01/386~11/01/000386/0002             | 943260 |         4060.00 |                 |       308187.04 |
 08-Apr-2015 | TO - MR   DHAME VILAS SHIVAJ - TO CTSIW CLG   | 943251 |        14500.00 |                 |       293687.04 |
 08-Apr-2015 | TO TR 11/06/264~11/06/000264/0002             | 943275 |        23785.00 |                 |       269902.04 |
 09-Apr-2015 | TO TR 11/06/66~11/06/000066/0002              | 943263 |        12585.00 |                 |       257317.04 |
 09-Apr-2015 | TO TR 11/06/1162~11/06/001162/0002            | 943259 |        17370.00 |                 |       239947.04 |
 09-Apr-2015 | TO - RAMESHJAYSING - ING/8000486\943257       | 943257 |         7590.00 |                 |       232357.04 |
 09-Apr-2015 | TO - GANESH  FISH COMPANY - TO CTSIW CLG : 8  | 943270 |        10670.00 |                 |       221687.04 |
 09-Apr-2015 | TO - ASHARAFI FISH TRADERS - TO CTSIW CLG :   | 943269 |         4210.00 |                 |       217477.04 |
 09-Apr-2015 | TO - KULABA SEA FOODS - TO CTSIW CLG : 80004  | 943267 |         5425.00 |                 |       212052.04 |
 09-Apr-2015 | TO - SAMARTH FISH CO - TO CTSIW CLG : 800048  | 943254 |         4121.00 |                 |       207931.04 |
 09-Apr-2015 | TO - AJMERIFRESHFI - TO CTSIW CLG : 8000486/  | 943253 |         4570.00 |                 |       203361.04 |
 09-Apr-2015 | TO - KINGFISHCOMPA - INGFISHCOMPA/8000486\94  | 943258 |         6540.00 |                 |       196821.04 |
 09-Apr-2015 | TO - SMFISHCO - TO CTSIW CLG : 8000486/SMFIS  | 943279 |         3095.00 |                 |       193726.04 |
 09-Apr-2015 | TO - C P MARINE FOODS - INE FOODS/8000486\94  | 943266 |         8930.00 |                 |       184796.04 |
 09-Apr-2015 | TO - M Y SEA FOODS - TO CTSIW CLG : 8000486/  | 943278 |         5905.00 |                 |       178891.04 |
 09-Apr-2015 | TO - MILAN FISH TRADERS  PRO - TO CTSIW CLG   | 943277 |         5585.00 |                 |       173306.04 |
 09-Apr-2015 | TO - ALI MOHAMED  ISMAT - TO CTSIW CLG : 800  | 942648 |         3829.00 |                 |       169477.04 |
 09-Apr-2015 | TO - TOP KIDS     WAJID - TO CTSIW CLG : 800  | 943280 |         7870.00 |                 |       161607.04 |
 09-Apr-2015 | TO - LUCKY        VIKAS - TO CTSIW CLG : 800  | 942649 |         1995.00 |                 |       159612.04 |
 09-Apr-2015 | TO - ABDUL     SONS - TO CTSIW CLG : 8000486  | 942650 |         1495.00 |                 |       158117.04 |
 09-Apr-2015 | TO - KARANFISHCOMP - TO CTSIW CLG : 8000486/  | 943256 |         7405.00 |                 |       150712.04 |
 09-Apr-2015 | TO - IMRAN SEA FOOD - TO CTSIW CLG : 8000486  | 943265 |        11190.00 |                 |       139522.04 |
 10-Apr-2015 | TO - AJIT KASHINATH PATIL - INATH PATIL/8000  | 943274 |         8020.00 |                 |       131502.04 |
 10-Apr-2015 | TO - AKILSEAFOODS - TO CTSIW CLG : 8000487/A  | 943261 |         6660.00 |                 |       124842.04 |
 10-Apr-2015 | TO - NAYNABEN MACHHI - TO CTSIW CLG : 800048  | 943272 |         4875.00 |                 |       119967.04 |
 10-Apr-2015 | TO - TO CLEARING - ING/8000487\943255         | 943255 |         9157.00 |                 |       110810.04 |
-----------------------------------------------------------------------------------------------------------------------------

                                  MUMBAI DISTRICT CENTRAL CO-OP. BANK LTD.,0002-PALTON ROAD                                  
                           A B Shah Market,1st floor, Near Rly.Station,Masjid Bunder Mumbai 400003                           

Current Date  :18-Mar-2017                                                                                  UserId : REPORT02
Time : 15:31:47 PM                                                                                               Page :19 / 43
                                                    Statement Of Account                                                     
                                              From  01-Apr-2012  to  18-Mar-2017                                             

   Accountno :00021101000476
   Name: SHREYAS SEA FOOD SUPPLIERS
   Address :SHIV SHAKT,SHAMBHAJI NAGAR,SHIVNERI CHAWL
   ST ANTHONY RS, NR KARNATAKA HIGH SCHOOL,CHEMBUR
   MUMBAI - 400071
   Limit:0                                 INR
   Joint Holder:
=============================================================================================================================
 Trans. Date | Particulars                                   | InstNo |      Debit Amt. |     Credit Amt. |         Balance |
=============================================================================================================================
 Opening Bal |                                                                                                    110810.04 |
 10-Apr-2015 | TO - NOORJAHAN FI YUSUF - TO CTSIW CLG : 800  | 943264 |        14195.00 |                 |        96615.04 |
 10-Apr-2015 | TO - S. ALI MOHAMMAD ABBA - TO CTSIW CLG : 8  | 943281 |         4400.00 |                 |        92215.04 |
 10-Apr-2015 | TO TR 11/01/519~11/01/000519/0002             | 943262 |         4360.00 |                 |        87855.04 |
 11-Apr-2015 | TO - SIDDHIVINAYAK SEA FOODS - INAYAK SEA FO  | 943282 |         9280.00 |                 |        78575.04 |
 17-Apr-2015 | BY CASH                                       |        |                 |       205000.00 |       283575.04 |
 20-Apr-2015 | TO TR 11/01/525~11/01/000525/0002             | 943285 |        12560.00 |                 |       271015.04 |
 20-Apr-2015 | BY CASH                                       |        |                 |        75000.00 |       346015.04 |
 21-Apr-2015 | TO - RAGHUNATHMARUT - TO CTSIW CLG : 8000495  | 943288 |        12450.00 |                 |       333565.04 |
 21-Apr-2015 | TO - CHISTIYASEAFOOD - TO CTSIW CLG : 800049  | 943297 |        17945.00 |                 |       315620.04 |
 21-Apr-2015 | TO - NATIONAL FISH COMPANY - TO CTSIW CLG :   | 943286 |        30085.00 |                 |       285535.04 |
 21-Apr-2015 | TO - NATIONAL FISH COMPANY - TO CTSIW CLG :   | 943294 |         5670.00 |                 |       279865.04 |
 22-Apr-2015 | TO - KARANFISHCOMP - TO CTSIW CLG : 8000496/  | 943289 |         3876.00 |                 |       275989.04 |
 22-Apr-2015 | TO - AFZAL MEHMOOD MULTANI - TO CTSIW CLG :   | 943290 |         4270.00 |                 |       271719.04 |
 22-Apr-2015 | TO - CHAUHAN FAIZANRAZA NOOR - TO CTSIW CLG   | 943268 |         7505.00 |                 |       264214.04 |
 22-Apr-2015 | TO - INDIA FISH CO - INDIA FISH CO/8000496\9  | 943296 |        21720.00 |                 |       242494.04 |
 22-Apr-2015 | TO - PRADEEP  MOHAN SALUNKHE - TO CTSIW CLG   | 943287 |         4745.00 |                 |       237749.04 |
 22-Apr-2015 | TO - NASEEM AND SONS - TO CTSIW CLG : 800049  | 943292 |         4320.00 |                 |       233429.04 |
 23-Apr-2015 | TO TR 11/01/426~11/01/000426/0002             | 943299 |        13370.00 |                 |       220059.04 |
 23-Apr-2015 | TO - K G N SEAFOODS - TO CTSIW CLG : 8000497  | 943295 |         5218.00 |                 |       214841.04 |
 24-Apr-2015 | TO - EKTA SEA FOODS, - TO CTSIW CLG : 800049  | 943293 |        13920.00 |                 |       200921.04 |
 24-Apr-2015 | TO - MR   DHAME VILAS SHIVAJ - TO CTSIW CLG   | 943284 |        13500.00 |                 |       187421.04 |
 24-Apr-2015 | TO - CLASSIC SEA FOODS - TO CTSIW CLG : 8000  | 943298 |        16821.00 |                 |       170600.04 |
 25-Apr-2015 | TO - MOHAMEDESSAPATELAND - TO CTSIW CLG : 80  | 944002 |         6500.00 |                 |       164100.04 |
 25-Apr-2015 | TO - ALMAS FISHERIES - TO CTSIW CLG : 800049  | 944006 |         7385.00 |                 |       156715.04 |
 25-Apr-2015 | TO - REAL FRESH FISH - TO CTSIW CLG : 800049  | 944003 |         6275.00 |                 |       150440.04 |
 25-Apr-2015 | BY CASH                                       |        |                 |        25000.00 |       175440.04 |
 27-Apr-2015 | TO CHEQUEBOOK ISSUE CHARGES                   |        |          168.00 |                 |       175272.04 |
 27-Apr-2015 | TO - HAMVI FISHERIES - TO CTSIW CLG : 800050  | 944005 |        13100.00 |                 |       162172.04 |
 27-Apr-2015 | BY CASH                                       |        |                 |       160000.00 |       322172.04 |
 29-Apr-2015 | TO - SANSEAFOODS - TO CTSIW CLG : 8000502/SA  | 944001 |        18742.00 |                 |       303430.04 |
 06-May-2015 | TO - SOYAL        ANSARI - TO CTSIW CLG : 80  | 944004 |         9100.00 |                 |       294330.04 |
 07-May-2015 | TO - HINDURAO VASANT GURAV - INDURAO VASANT   | 944009 |        15000.00 |                 |       279330.04 |
 08-May-2015 | BY CASH                                       |        |                 |        81000.00 |       360330.04 |
 09-May-2015 | TO - DHANAJI R VEER, - TO CTSIW CLG : 800051  | 944008 |         4000.00 |                 |       356330.04 |
 09-May-2015 | TO TR 11/06/1167~11/06/001167/0002            | 944007 |        20000.00 |                 |       336330.04 |
 11-May-2015 | BY CASH                                       |        |                 |       222500.00 |       558830.04 |
 12-May-2015 | TO MANE SAPNAT                                | 944022 |         2465.00 |                 |       556365.04 |
 12-May-2015 | TO TRA 11/01/386~11/01/000386/0002            | 944026 |         9660.00 |                 |       546705.04 |
 12-May-2015 | TO TRA 11/01/469~11/01/000469/0002            | 944019 |        14117.00 |                 |       532588.04 |
 12-May-2015 | TO TR 11/01/519~11/01/000519/0002             | 944016 |         4040.00 |                 |       528548.04 |
 13-May-2015 | TO - M Y SEA FOODS - TO CTSIW CLG : 8000514/  | 944027 |         6525.00 |                 |       522023.04 |
 13-May-2015 | TO - S. ALI MOHAMMAD ABBA - TO CTSIW CLG : 8  | 944025 |         5340.00 |                 |       516683.04 |
 13-May-2015 | TO - IMRAN SEA FOOD - TO CTSIW CLG : 8000514  | 944011 |         5690.00 |                 |       510993.04 |
 13-May-2015 | TO - THREESTARSEAF - TO CTSIW CLG : 8000514/  | 944014 |        12695.00 |                 |       498298.04 |
 13-May-2015 | TO - K            SHAM - TO CTSIW CLG : 8000  | 944017 |        14760.00 |                 |       483538.04 |
 13-May-2015 | TO - GHIVALIKAR   TRADERS - TO CTSIW CLG : 8  | 944013 |        30306.00 |                 |       453232.04 |
 13-May-2015 | TO - INDIA FISH CO - INDIA FISH CO/8000514\9  | 944020 |        19186.00 |                 |       434046.04 |
 13-May-2015 | BY CASH                                       |        |                 |        99000.00 |       533046.04 |
-----------------------------------------------------------------------------------------------------------------------------

                                  MUMBAI DISTRICT CENTRAL CO-OP. BANK LTD.,0002-PALTON ROAD                                  
                           A B Shah Market,1st floor, Near Rly.Station,Masjid Bunder Mumbai 400003                           

Current Date  :18-Mar-2017                                                                                  UserId : REPORT02
Time : 15:31:47 PM                                                                                               Page :20 / 43
                                                    Statement Of Account                                                     
                                              From  01-Apr-2012  to  18-Mar-2017                                             

   Accountno :00021101000476
   Name: SHREYAS SEA FOOD SUPPLIERS
   Address :SHIV SHAKT,SHAMBHAJI NAGAR,SHIVNERI CHAWL
   ST ANTHONY RS, NR KARNATAKA HIGH SCHOOL,CHEMBUR
   MUMBAI - 400071
   Limit:0                                 INR
   Joint Holder:
=============================================================================================================================
 Trans. Date | Particulars                                   | InstNo |      Debit Amt. |     Credit Amt. |         Balance |
=============================================================================================================================
 Opening Bal |                                                                                                    533046.04 |
 14-May-2015 | TO TRA 11/06/264~11/06/000264/0002            | 944032 |         8365.00 |                 |       524681.04 |
 14-May-2015 | TO - PRADEEP  MOHAN SALUNKHE - TO CTSIW CLG   | 944024 |        11740.00 |                 |       512941.04 |
 14-May-2015 | TO - MOTLIANI NASEEM FAROOK - TO CTSIW CLG :  | 944012 |         4980.00 |                 |       507961.04 |
 14-May-2015 | TO - SINGSARWALA - INGSARWALA/8000515\944029  | 944029 |         9022.00 |                 |       498939.04 |
 14-May-2015 | TO - KULABA SEA FOODS - TO CTSIW CLG : 80005  | 944021 |         2040.00 |                 |       496899.04 |
 14-May-2015 | TO - EKTA SEA FOODS, - TO CTSIW CLG : 800051  | 944028 |        11535.00 |                 |       485364.04 |
 15-May-2015 | TO TR 11/01/426~11/01/000426/0002             | 944050 |        12730.00 |                 |       472634.04 |
 15-May-2015 | TO - DHANAJI R VEER, - TO CTSIW CLG : 800051  | 944030 |         4900.00 |                 |       467734.04 |
 15-May-2015 | TO - LUCKY        VIKAS - TO CTSIW CLG : 800  | 944038 |        19100.00 |                 |       448634.04 |
 15-May-2015 | TO - KINGFISHCOMPA - INGFISHCOMPA/8000516\94  | 944034 |         3815.00 |                 |       444819.04 |
 15-May-2015 | TO - NASEEM AND SONS - TO CTSIW CLG : 800051  | 944041 |        12010.00 |                 |       432809.04 |
 15-May-2015 | TO - CHISTIYASEAFOOD - TO CTSIW CLG : 800051  | 944042 |        18310.00 |                 |       414499.04 |
 15-May-2015 | TO - AMOLSEAFOODS - TO CTSIW CLG : 8000516/A  | 944037 |         9180.00 |                 |       405319.04 |
 15-May-2015 | TO - RAGHUNATHMARUTIGHARE - TO CTSIW CLG : 8  | 944045 |         3850.00 |                 |       401469.04 |
 15-May-2015 | TO - ALMAS FISHERIES - TO CTSIW CLG : 800051  | 944044 |         7485.00 |                 |       393984.04 |
 15-May-2015 | TO - ALMAS FISHERIES - TO CTSIW CLG : 800051  | 944043 |        14230.00 |                 |       379754.04 |
 16-May-2015 | TO - KASHINATH MAHADEV PATIL - INATH MAHADEV  | 944018 |         5356.00 |                 |       374398.04 |
 16-May-2015 | TO - OM SAI CO OP CREDIT SOC - TO CTSIW CLG   | 944046 |         5730.00 |                 |       368668.04 |
 16-May-2015 | TO - KOKAN FISH - TO CTSIW CLG : 8000517/KOK  | 944039 |        15840.00 |                 |       352828.04 |
 16-May-2015 | TO - SHIRIN KADAR SHIRIN - IN KADAR SHIRIN/8  | 944036 |         4200.00 |                 |       348628.04 |
 16-May-2015 | TO - ABDUL        SONS - TO CTSIW CLG : 8000  | 944049 |        12736.00 |                 |       335892.04 |
 16-May-2015 | TO TR 11/01/524~11/01/000524/0002             | 944023 |        11550.00 |                 |       324342.04 |
 18-May-2015 | TO - SHAANSEAFOODS - TO CTSIW CLG : 8000518/  | 944901 |        21495.00 |                 |       302847.04 |
 18-May-2015 | TO - CHAUHAN FAIZANRAJA NOOR - TO CTSIW CLG   | 944048 |        11393.00 |                 |       291454.04 |
 18-May-2015 | TO - TOP KIDS     WAJID - TO CTSIW CLG : 800  | 944010 |         3070.00 |                 |       288384.04 |
 18-May-2015 | TO - AMAR - TO CTSIW CLG : 8000518/AMAR/8000  | 944033 |         5000.00 |                 |       283384.04 |
 18-May-2015 | TO - MALGANGA FISHERIES - TO CTSIW CLG : 800  | 944040 |        33714.00 |                 |       249670.04 |
 18-May-2015 | BY CASH/0009                                  |        |                 |       120000.00 |       369670.04 |
 18-May-2015 | TO TRA 11/01/461~11/01/000461/0002            | 944047 |        19725.00 |                 |       349945.04 |
 19-May-2015 | TO - JAMIL CRAB AND FISH SUP - TO CTSIW CLG   | 944904 |         8260.00 |                 |       341685.04 |
 19-May-2015 | TO - SAMARTH FISH CO - TO CTSIW CLG : 800051  | 944015 |         3742.00 |                 |       337943.04 |
 19-May-2015 | TO - NATIONAL FISH COMPANY - TO CTSIW CLG :   | 944903 |         8170.00 |                 |       329773.04 |
 19-May-2015 | TO - KARANFISHCOMPANY - TO CTSIW CLG : 80005  | 944035 |         7740.00 |                 |       322033.04 |
 19-May-2015 | TO CHEQUEBOOK ISSUE CHARGES                   |        |          168.00 |                 |       321865.04 |
 20-May-2015 | TO - CHISTIYASEAFO - TO CTSIW CLG : 8000520/  | 944906 |         3290.00 |                 |       318575.04 |
 20-May-2015 | TO - REAL FRESH FISH - TO CTSIW CLG : 800052  | 944905 |        37710.00 |                 |       280865.04 |
 20-May-2015 | TO - SANSEAFOODS - TO CTSIW CLG : 8000520/SA  | 944902 |         4400.00 |                 |       276465.04 |
 20-May-2015 | TO - ALI MOHAMED - TO CTSIW CLG : 8000520/AL  | 944907 |        16750.00 |                 |       259715.04 |
 21-May-2015 | TO - GULAB FISH CO - TO CTSIW CLG : 8000521/  | 944909 |        11290.00 |                 |       248425.04 |
 22-May-2015 | TO - CLASSIC SEA FOODS - TO CTSIW CLG : 8000  | 944912 |        18120.00 |                 |       230305.04 |
 22-May-2015 | TO - MR   DHAME VILAS SHIVAJ - TO CTSIW CLG   | 944910 |         9600.00 |                 |       220705.04 |
 23-May-2015 | TO GONDE GORAKH                               | 944913 |        22530.00 |                 |       198175.04 |
 23-May-2015 | TO - ZOAIB SEA FOOD - TO CTSIW CLG : 8000523  | 944911 |         2576.00 |                 |       195599.04 |
 27-May-2015 | TO - ASHOK BHIMRAO PATIL - TO CTSIW CLG : 80  | 944914 |        24000.00 |                 |       171599.04 |
 28-May-2015 | BY CASH                                       |        |                 |        45000.00 |       216599.04 |
 01-Jun-2015 | BY CASH                                       |        |                 |        76000.00 |       292599.04 |
 01-Jun-2015 | TO - VILAS  RAJARAM PAWAR - TO CTSIW CLG : 8  | 944915 |        21500.00 |                 |       271099.04 |
 02-Jun-2015 | BY TRA 10/01/8774~10/01/008774/0002           |        |                 |        20700.00 |       291799.04 |
-----------------------------------------------------------------------------------------------------------------------------

                                  MUMBAI DISTRICT CENTRAL CO-OP. BANK LTD.,0002-PALTON ROAD                                  
                           A B Shah Market,1st floor, Near Rly.Station,Masjid Bunder Mumbai 400003                           

Current Date  :18-Mar-2017                                                                                  UserId : REPORT02
Time : 15:31:47 PM                                                                                               Page :21 / 43
                                                    Statement Of Account                                                     
                                              From  01-Apr-2012  to  18-Mar-2017                                             

   Accountno :00021101000476
   Name: SHREYAS SEA FOOD SUPPLIERS
   Address :SHIV SHAKT,SHAMBHAJI NAGAR,SHIVNERI CHAWL
   ST ANTHONY RS, NR KARNATAKA HIGH SCHOOL,CHEMBUR
   MUMBAI - 400071
   Limit:0                                 INR
   Joint Holder:
=============================================================================================================================
 Trans. Date | Particulars                                   | InstNo |      Debit Amt. |     Credit Amt. |         Balance |
=============================================================================================================================
 Opening Bal |                                                                                                    291799.04 |
 02-Jun-2015 | TO - MOOSAUSMANSON - TO CTSIW CLG : 8000531/  | 944916 |        11450.00 |                 |       280349.04 |
 05-Jun-2015 | BY CASH/0009                                  |        |                 |       160000.00 |       440349.04 |
 08-Jun-2015 | TO TRA 11/01/510~11/01/000510/0002            | 944919 |         7656.00 |                 |       432693.04 |
 08-Jun-2015 | TO TRA 10/01/8774~10/01/008774/0002           | 944917 |        20700.00 |                 |       411993.04 |
 08-Jun-2015 | BY CASH/0009                                  |        |                 |       130000.00 |       541993.04 |
 09-Jun-2015 | TO TRA 11/06/1077~11/06/001077/0002           | 944929 |        24793.00 |                 |       517200.04 |
 09-Jun-2015 | TO TRA 11/01/386~11/01/000386/0002            | 944932 |         7845.00 |                 |       509355.04 |
 09-Jun-2015 | TO TRA 11/01/469~11/01/000469/0002            | 944935 |        13925.00 |                 |       495430.04 |
 09-Jun-2015 | TO - AJMERIFRESHFISHAFZA - TO CTSIW CLG : 80  | 944924 |        18900.00 |                 |       476530.04 |
 09-Jun-2015 | TO - THREESTARSEAFOODS - TO CTSIW CLG : 8000  | 944928 |        14808.00 |                 |       461722.04 |
 09-Jun-2015 | TO - KARANFISHCOMPANY - TO CTSIW CLG : 80005  | 944930 |         2920.00 |                 |       458802.04 |
 09-Jun-2015 | TO - CHISTIYASEAFOOD - TO CTSIW CLG : 800053  | 944921 |        24455.00 |                 |       434347.04 |
 09-Jun-2015 | TO - KULABA SEA FOODS - TO CTSIW CLG : 80005  | 944931 |         2915.00 |                 |       431432.04 |
 09-Jun-2015 | TO - S. ALI MOHAMMAD ABBA - TO CTSIW CLG : 8  | 944920 |         2178.00 |                 |       429254.04 |
 09-Jun-2015 | TO - NATIONAL FISH COMPANY - TO CTSIW CLG :   | 944927 |         3520.00 |                 |       425734.04 |
 09-Jun-2015 | TO - ALI MOHAMED - TO CTSIW CLG : 8000537/AL  | 944923 |        10885.00 |                 |       414849.04 |
 09-Jun-2015 | TO - LUCKY - TO CTSIW CLG : 8000537/LUCKY/80  | 944926 |        16855.00 |                 |       397994.04 |
 09-Jun-2015 | TO - C P  MARINE FOODS - INE FOODS/8000537\9  | 944925 |         7187.00 |                 |       390807.04 |
 09-Jun-2015 | TO - INDIA FISH CO - INDIA FISH CO/8000537\9  | 944918 |         5218.00 |                 |       385589.04 |
 09-Jun-2015 | TO TRA 11/06/1162~11/06/001162/0002           | 944934 |         4677.00 |                 |       380912.04 |
 10-Jun-2015 | TO TRA 11/06/66~11/06/000066/0002             | 944939 |         8675.00 |                 |       372237.04 |
 10-Jun-2015 | TO - OMKAR FISH CO - TO CTSIW CLG : 8000538/  | 944933 |         8810.00 |                 |       363427.04 |
 11-Jun-2015 | TO - TO CLEARING - ING/8000539\944937         | 944937 |        11763.00 |                 |       351664.04 |
 11-Jun-2015 | TO - PRADEEPRSHEWALE - TO CTSIW CLG : 800053  | 944922 |        17455.00 |                 |       334209.04 |
 12-Jun-2015 | TO CHORGE TANAJI R                            | 945509 |         9130.00 |                 |       325079.04 |
 12-Jun-2015 | TO TR 11/06/42~11/06/000042/0002              | 945507 |         1295.00 |                 |       323784.04 |
 12-Jun-2015 | TO TR 11/01/525~11/01/000525/0002             | 945510 |         3210.00 |                 |       320574.04 |
 12-Jun-2015 | TO TR 11/01/426~11/01/000426/0002             | 945502 |         2260.00 |                 |       318314.04 |
 12-Jun-2015 | BY CASH                                       |        |                 |        94000.00 |       412314.04 |
 12-Jun-2015 | 02/11/01/445~11/01/000445/0002                | 944938 |        13485.00 |                 |       398829.04 |
 12-Jun-2015 | TO TR 11/01/461~11/01/000461/0002             | 945511 |        12573.00 |                 |       386256.04 |
 12-Jun-2015 | TO TR 11/06/264~11/06/000264/0002             | 945514 |        40006.00 |                 |       346250.04 |
 12-Jun-2015 | TO CHEQUEBOOK ISSUE CHARGES                   |        |          168.00 |                 |       346082.04 |
 12-Jun-2015 | TO TR 18/06/212~18/06/000212/0002             | 944947 |        35700.00 |                 |       310382.04 |
 13-Jun-2015 | TO - KINGFISHCOMPA - INGFISHCOMPA/8000541\94  | 945512 |         6217.00 |                 |       304165.04 |
 13-Jun-2015 | TO - SHRI SAI SEA FOODS - TO CTSIW CLG : 800  | 945501 |        38990.00 |                 |       265175.04 |
 13-Jun-2015 | TO - MADINA SEA FOOD - INA SEA FOOD/8000541\  | 945504 |         7740.00 |                 |       257435.04 |
 13-Jun-2015 | TO - K G N SEA FOODS - TO CTSIW CLG : 800054  | 944950 |        15802.00 |                 |       241633.04 |
 13-Jun-2015 | TO - ALMAS FISHERIES - TO CTSIW CLG : 800054  | 945503 |         3733.00 |                 |       237900.04 |
 13-Jun-2015 | TO - AMOLSEAFOODS - TO CTSIW CLG : 8000541/A  | 944946 |         8660.00 |                 |       229240.04 |
 13-Jun-2015 | TO - RAGHUNATHMARUTIGHARE - TO CTSIW CLG : 8  | 945506 |        32400.00 |                 |       196840.04 |
 13-Jun-2015 | TO - REAL FRESH FISH - TO CTSIW CLG : 800054  | 944944 |        29206.00 |                 |       167634.04 |
 15-Jun-2015 | TO - ZOAIB SEA FOOD - TO CTSIW CLG : 8000542  | 944943 |        14888.00 |                 |       152746.04 |
 15-Jun-2015 | TO - ZOAIB SEA FOOD - TO CTSIW CLG : 8000542  | 944949 |        24280.00 |                 |       128466.04 |
 15-Jun-2015 | TO - MARINE PLAZA - INE PLAZA/8000542\945513  | 945513 |        19020.00 |                 |       109446.04 |
 16-Jun-2015 | TO - SANSEAFOODS - TO CTSIW CLG : 8000543/SA  | 944945 |         2283.00 |                 |       107163.04 |
 16-Jun-2015 | TO - PRADEEP  MOHAN SALUNKHE - TO CTSIW CLG   | 944936 |        16125.00 |                 |        91038.04 |
 16-Jun-2015 | TO - NASEEM AND SONS - TO CTSIW CLG : 800054  | 944948 |         1780.00 |                 |        89258.04 |
-----------------------------------------------------------------------------------------------------------------------------

                                  MUMBAI DISTRICT CENTRAL CO-OP. BANK LTD.,0002-PALTON ROAD                                  
                           A B Shah Market,1st floor, Near Rly.Station,Masjid Bunder Mumbai 400003                           

Current Date  :18-Mar-2017                                                                                  UserId : REPORT02
Time : 15:31:47 PM                                                                                               Page :22 / 43
                                                    Statement Of Account                                                     
                                              From  01-Apr-2012  to  18-Mar-2017                                             

   Accountno :00021101000476
   Name: SHREYAS SEA FOOD SUPPLIERS
   Address :SHIV SHAKT,SHAMBHAJI NAGAR,SHIVNERI CHAWL
   ST ANTHONY RS, NR KARNATAKA HIGH SCHOOL,CHEMBUR
   MUMBAI - 400071
   Limit:0                                 INR
   Joint Holder:
=============================================================================================================================
 Trans. Date | Particulars                                   | InstNo |      Debit Amt. |     Credit Amt. |         Balance |
=============================================================================================================================
 Opening Bal |                                                                                                     89258.04 |
 17-Jun-2015 | TO - ASHOK  BHIMRAO PATIL - TO CTSIW CLG : 8  | 945508 |         1305.00 |                 |        87953.04 |
 17-Jun-2015 | TO - SHAANSEAFOODS - TO CTSIW CLG : 8000544/  | 945515 |         4965.00 |                 |        82988.04 |
 18-Jun-2015 | TO - EKTA SEA FOODS, - TO CTSIW CLG : 800054  | 944942 |        10306.00 |                 |        72682.04 |
 24-Jun-2015 | TO A CHALKE                                   | 945521 |         8520.00 |                 |        64162.04 |
 24-Jun-2015 | TO TR 11/06/1167~11/06/001167/0002            | 945519 |        20000.00 |                 |        44162.04 |
 25-Jun-2015 | BY CASH/0009                                  |        |                 |        99500.00 |       143662.04 |
 25-Jun-2015 | TO - CLASSIC SEA FOODS - TO CTSIW CLG : 8000  | 945517 |        15470.00 |                 |       128192.04 |
 26-Jun-2015 | TO - ASHOK  BHIMRAO PATIL - TO CTSIW CLG : 8  | 945518 |         6300.00 |                 |       121892.04 |
 26-Jun-2015 | TO - KOKAN FISH - TO CTSIW CLG : 8000551/KOK  | 945505 |        12522.00 |                 |       109370.04 |
 27-Jun-2015 | TO - DHANAJI R VEER, - TO CTSIW CLG : 800055  | 944941 |         4000.00 |                 |       105370.04 |
 27-Jun-2015 | TO - MR   DHAME VILAS SHIVAJ - TO CTSIW CLG   | 945523 |        15500.00 |                 |        89870.04 |
 29-Jun-2015 | TO - VILAS  RAJARAM PAWAR - TO CTSIW CLG : 8  | 945520 |         4000.00 |                 |        85870.04 |
 09-Jul-2015 | BY CASH/0009                                  |        |                 |        49500.00 |       135370.04 |
 09-Jul-2015 | TO - SHUBHAM HEIGHTS CO OP H - TO CTSIW CLG   | 945516 |        15000.00 |                 |       120370.04 |
 10-Jul-2015 | BY CASH                                       |        |                 |       169000.00 |       289370.04 |
 11-Jul-2015 | TO DESHMUKH S B                               | 945524 |         8710.00 |                 |       280660.04 |
 13-Jul-2015 | TO TRA 11/01/510~11/01/000510/0002            | 945544 |         4600.00 |                 |       276060.04 |
 13-Jul-2015 | TO TR 11/06/264~11/06/000264/0002             | 945533 |        40480.00 |                 |       235580.04 |
 14-Jul-2015 | BY CASH/0009                                  |        |                 |        97000.00 |       332580.04 |
 14-Jul-2015 | TO TR 11/06/66~11/06/000066/0002              | 945545 |        17470.00 |                 |       315110.04 |
 14-Jul-2015 | TO - MARINE PLAZA - INE PLAZA/8000566\945543  | 945543 |        10075.00 |                 |       305035.04 |
 14-Jul-2015 | TO - NATIONAL FISH COMPANY - TO CTSIW CLG :   | 945532 |        11532.00 |                 |       293503.04 |
 14-Jul-2015 | TO - SIDDHIVINAYAK SEA FOODS - INAYAK SEA FO  | 945541 |        70210.00 |                 |       223293.04 |
 14-Jul-2015 | TO - INDIA FISH CO - INDIA FISH CO/8000566\9  | 945535 |         8980.00 |                 |       214313.04 |
 14-Jul-2015 | TO - ASHRAFI FISH TRADERS - TO CTSIW CLG : 8  | 945528 |         8080.00 |                 |       206233.04 |
 14-Jul-2015 | TO - TO CLEARING - ING/8000566\945536         | 945536 |         5840.00 |                 |       200393.04 |
 14-Jul-2015 | TO - RAGHUNATHMARUT - TO CTSIW CLG : 8000566  | 945530 |        13270.00 |                 |       187123.04 |
 14-Jul-2015 | TO - KARANFISHCOMP - TO CTSIW CLG : 8000566/  | 945534 |         5080.00 |                 |       182043.04 |
 14-Jul-2015 | TO - MADINA SEA FOOD - INA SEA FOOD/8000566\  | 945529 |        17670.00 |                 |       164373.04 |
 14-Jul-2015 | TO - NAIM AHMED - TO CTSIW CLG : 8000566/NAI  | 945531 |        20055.00 |                 |       144318.04 |
 14-Jul-2015 | TO - REAL FRESH FISH - TO CTSIW CLG : 800056  | 945540 |        15780.00 |                 |       128538.04 |
 14-Jul-2015 | TO TR 11/06/1077~11/06/001077/0002            | 945538 |         9405.00 |                 |       119133.04 |
 15-Jul-2015 | BY CASH/0009                                  |        |                 |        80000.00 |       199133.04 |
 15-Jul-2015 | TO - KGN SEA FOODS - TO CTSIW CLG : 8000567/  | 945527 |         9817.00 |                 |       189316.04 |
 15-Jul-2015 | TO - PRADEEP  MOHAN SALUNKHE - TO CTSIW CLG   | 945537 |         3440.00 |                 |       185876.04 |
 15-Jul-2015 | TO - OMKAR FISH CO - TO CTSIW CLG : 8000567/  | 945526 |         8570.00 |                 |       177306.04 |
 16-Jul-2015 | BY CASH/0009                                  |        |                 |        10000.00 |       187306.04 |
 16-Jul-2015 | TO - PRADEEP  MOHAN SALUNKHE - TO CTSIW CLG   | 945525 |        15835.00 |                 |       171471.04 |
 17-Jul-2015 | TO - AMAR      FI - TO CTSIW CLG : 8000569/A  | 945542 |         9540.00 |                 |       161931.04 |
 17-Jul-2015 | TO - DELUX FISH MERCHANT - TO CTSIW CLG : 80  | 945548 |        12500.00 |                 |       149431.04 |
 20-Jul-2015 | BY CASH                                       |        |                 |        90000.00 |       239431.04 |
 20-Jul-2015 | TO CHEQUEBOOK ISSUE CHARGES                   |        |          168.00 |                 |       239263.04 |
 20-Jul-2015 | TO - CAPITAL FISH COMPANY - TO CTSIW CLG : 8  | 945546 |        39230.00 |                 |       200033.04 |
 21-Jul-2015 | BY CLG BY CLG/51968/99900543/2132/032         |  51968 |                 |        20000.00 |       220033.04 |
 21-Jul-2015 | TO - LUCKY - TO CTSIW CLG : 8000571/LUCKY/80  | 945549 |         8640.00 |                 |       211393.04 |
 23-Jul-2015 | TO - ALNAZIRSEAFO - TO CTSIW CLG : 8000573/A  | 945550 |        13335.00 |                 |       198058.04 |
 24-Jul-2015 | TO - NASEEM AND SONS - TO CTSIW CLG : 800057  | 945951 |         6360.00 |                 |       191698.04 |
 24-Jul-2015 | TO - CLASSIC SEA FOODS - TO CTSIW CLG : 8000  | 945953 |         8310.00 |                 |       183388.04 |
-----------------------------------------------------------------------------------------------------------------------------

                                  MUMBAI DISTRICT CENTRAL CO-OP. BANK LTD.,0002-PALTON ROAD                                  
                           A B Shah Market,1st floor, Near Rly.Station,Masjid Bunder Mumbai 400003                           

Current Date  :18-Mar-2017                                                                                  UserId : REPORT02
Time : 15:31:47 PM                                                                                               Page :23 / 43
                                                    Statement Of Account                                                     
                                              From  01-Apr-2012  to  18-Mar-2017                                             

   Accountno :00021101000476
   Name: SHREYAS SEA FOOD SUPPLIERS
   Address :SHIV SHAKT,SHAMBHAJI NAGAR,SHIVNERI CHAWL
   ST ANTHONY RS, NR KARNATAKA HIGH SCHOOL,CHEMBUR
   MUMBAI - 400071
   Limit:0                                 INR
   Joint Holder:
=============================================================================================================================
 Trans. Date | Particulars                                   | InstNo |      Debit Amt. |     Credit Amt. |         Balance |
=============================================================================================================================
 Opening Bal |                                                                                                    183388.04 |
 25-Jul-2015 | TO - MR   DHAME VILAS SHIVAJ - TO CTSIW CLG   | 945954 |        12300.00 |                 |       171088.04 |
 25-Jul-2015 | TO - HAMVI FISHERIES - TO CTSIW CLG : 800057  | 945952 |         7710.00 |                 |       163378.04 |
 30-Jul-2015 | TO - KINGFISHCOMPA - INGFISHCOMPA/8000579\94  | 945958 |         8360.00 |                 |       155018.04 |
 31-Jul-2015 | TO - VIKAS NAGARI SAHAKARI P - TO CTSIW CLG   | 945955 |        13720.00 |                 |       141298.04 |
 03-Aug-2015 | TO - VILAS  RAJARAM PAWAR - TO CTSIW CLG : 8  | 945957 |         9000.00 |                 |       132298.04 |
 03-Aug-2015 | TO - VILAS  RAJARAM PAWAR - TO CTSIW CLG : 8  | 945956 |        20000.00 |                 |       112298.04 |
 05-Aug-2015 | BY CASH                                       |        |                 |       160200.00 |       272498.04 |
 05-Aug-2015 | TO CHALKE A S                                 | 945959 |         8276.00 |                 |       264222.04 |
 06-Aug-2015 | BY CLG BY CLG/538/99900557/1838/032           |    538 |                 |         9375.00 |       273597.04 |
 06-Aug-2015 | TO - VIJAYA ASHOK PATIL - TO CTSIW CLG : 800  | 945547 |         1200.00 |                 |       272397.04 |
 06-Aug-2015 | TO - ACCOUNTNAMENOTFOUND - TO CTSIW CLG : 80  | 945961 |        31380.00 |                 |       241017.04 |
 07-Aug-2015 | TO TR11/01/492~11/01/000492/0002              | 945966 |        23282.00 |                 |       217735.04 |
 07-Aug-2015 | TO - THREESTARSEAF - TO CTSIW CLG : 8000586/  | 945960 |        32310.00 |                 |       185425.04 |
 07-Aug-2015 | TO TR10/01/9269~10/01/009269/0002             | 945962 |         8660.00 |                 |       176765.04 |
 07-Aug-2015 | BY CASH                                       |        |                 |       100000.00 |       276765.04 |
 08-Aug-2015 | TO - ASHARAFI FISH TRADERS - TO CTSIW CLG :   | 945975 |        19305.00 |                 |       257460.04 |
 08-Aug-2015 | TO - KULABA SEA FOODS - TO CTSIW CLG : 80005  | 945977 |        10980.00 |                 |       246480.04 |
 08-Aug-2015 | TO - M Y SEA FOODS - TO CTSIW CLG : 8000587/  | 945979 |         4770.00 |                 |       241710.04 |
 08-Aug-2015 | TO - KINGFISHCOMPA - INGFISHCOMPA/8000587\94  | 945967 |         9415.00 |                 |       232295.04 |
 08-Aug-2015 | TO - AMOLSEAFOODS - TO CTSIW CLG : 8000587/A  | 945965 |         7240.00 |                 |       225055.04 |
 08-Aug-2015 | TO - IMRAN SEA FOOD - TO CTSIW CLG : 8000587  | 945969 |        16050.00 |                 |       209005.04 |
 10-Aug-2015 | TO - INDIA FISH CO - INDIA FISH CO/8000588\9  | 945972 |         6105.00 |                 |       202900.04 |
 10-Aug-2015 | TO - MARINE PLAZA - INE PLAZA/8000588\945974  | 945974 |         6070.00 |                 |       196830.04 |
 10-Aug-2015 | TO TRANSFER TAIBA SEA FOOD~11/01/000461/0002  | 945980 |        14950.00 |                 |       181880.04 |
 11-Aug-2015 | TO - SIDDHIVINAYAK SEA FOODS - INAYAK SEA FO  | 945963 |        44300.00 |                 |       137580.04 |
 11-Aug-2015 | TO - MAHESHFISHCOM - TO CTSIW CLG : 8000589/  | 945981 |         2945.00 |                 |       134635.04 |
 11-Aug-2015 | TO - NOOR SEAFOODS - TO CTSIW CLG : 8000589/  | 945968 |        11160.00 |                 |       123475.04 |
 11-Aug-2015 | TO - AL NAZIR SEA - TO CTSIW CLG : 8000589/A  | 945971 |        25280.00 |                 |        98195.04 |
 11-Aug-2015 | TO - M/SVIRAJ FISH TRADERS - TO CTSIW CLG :   | 945978 |         9160.00 |                 |        89035.04 |
 11-Aug-2015 | TO - RAGHUNATHMARUT - TO CTSIW CLG : 8000589  | 945964 |         5855.00 |                 |        83180.04 |
 11-Aug-2015 | TO - S. ALI MOHAMMAD ABBA - TO CTSIW CLG : 8  | 945982 |         9485.00 |                 |        73695.04 |
 12-Aug-2015 | TO - GANESH  FISH COMPANY - TO CTSIW CLG : 8  | 945983 |         4575.00 |                 |        69120.04 |
 12-Aug-2015 | TO - ALI MOHAMED  ISMAT - TO CTSIW CLG : 800  | 945984 |         6090.00 |                 |        63030.04 |
 13-Aug-2015 | BY CASH                                       |        |                 |       216000.00 |       279030.04 |
 13-Aug-2015 | TO - AJIT KASHINATH PATIL - INATH PATIL/8000  | 945986 |         5200.00 |                 |       273830.04 |
 13-Aug-2015 | TO - KARANFISHCOMP - TO CTSIW CLG : 8000591/  | 945970 |        10960.00 |                 |       262870.04 |
 13-Aug-2015 | TO TRANSFER11/01/510~11/01/000510/0002        | 945993 |         4690.00 |                 |       258180.04 |
 13-Aug-2015 | TO CHEQUEBOOK ISSUE CHARGES                   |        |          168.00 |                 |       258012.04 |
 14-Aug-2015 | TO - AMAR - TO CTSIW CLG : 8000592/AMAR/8000  | 945994 |        32835.00 |                 |       225177.04 |
 14-Aug-2015 | TO - KOKAN FISH - TO CTSIW CLG : 8000592/KOK  | 945973 |         4810.00 |                 |       220367.04 |
 14-Aug-2015 | TO - AJMERIFRESHFI - TO CTSIW CLG : 8000592/  | 945987 |        23810.00 |                 |       196557.04 |
 17-Aug-2015 | TO - PRADEEP SEA FOODS  PRO - TO CTSIW CLG :  | 945989 |         8410.00 |                 |       188147.04 |
 17-Aug-2015 | TO - MOHAMED YAKUB M NAGANI - TO CTSIW CLG :  | 945992 |        14750.00 |                 |       173397.04 |
 17-Aug-2015 | BY CASH/0009                                  |        |                 |        24000.00 |       197397.04 |
 18-Aug-2015 | TO - MADINA SEA FOOD - INA SEA FOOD/8000594\  | 945991 |        12480.00 |                 |       184917.04 |
 18-Aug-2015 | TO - ANSARI       AYESHA - TO CTSIW CLG : 80  | 945990 |        15090.00 |                 |       169827.04 |
 20-Aug-2015 | BY CLG BY CLG/691506/99900567/1084/032        | 691506 |                 |        70000.00 |       239827.04 |
 20-Aug-2015 | BY CLG BY CLG/268413/99900567/1035/032        | 268413 |                 |        50000.00 |       289827.04 |
-----------------------------------------------------------------------------------------------------------------------------

                                  MUMBAI DISTRICT CENTRAL CO-OP. BANK LTD.,0002-PALTON ROAD                                  
                           A B Shah Market,1st floor, Near Rly.Station,Masjid Bunder Mumbai 400003                           

Current Date  :18-Mar-2017                                                                                  UserId : REPORT02
Time : 15:31:47 PM                                                                                               Page :24 / 43
                                                    Statement Of Account                                                     
                                              From  01-Apr-2012  to  18-Mar-2017                                             

   Accountno :00021101000476
   Name: SHREYAS SEA FOOD SUPPLIERS
   Address :SHIV SHAKT,SHAMBHAJI NAGAR,SHIVNERI CHAWL
   ST ANTHONY RS, NR KARNATAKA HIGH SCHOOL,CHEMBUR
   MUMBAI - 400071
   Limit:0                                 INR
   Joint Holder:
=============================================================================================================================
 Trans. Date | Particulars                                   | InstNo |      Debit Amt. |     Credit Amt. |         Balance |
=============================================================================================================================
 Opening Bal |                                                                                                    289827.04 |
 20-Aug-2015 | TO - MOHAMEDESSAPATELAND - TO CTSIW CLG : 80  | 945995 |        14450.00 |                 |       275377.04 |
 21-Aug-2015 | S S SHINDE/0016                               | 945999 |        50000.00 |                 |       225377.04 |
 21-Aug-2015 | TO - JAMIL CRAB AND FISH SUP - TO CTSIW CLG   | 945988 |        15300.00 |                 |       210077.04 |
 22-Aug-2015 | TO - REAL FRESH FISH - TO CTSIW CLG : 800059  | 946000 |        14230.00 |                 |       195847.04 |
 22-Aug-2015 | TO - NASEEM AND SONS - TO CTSIW CLG : 800059  | 945998 |        25440.00 |                 |       170407.04 |
 22-Aug-2015 | TO - HINDURAO VASANT GURAV - INDURAO VASANT   | 945996 |        18000.00 |                 |       152407.04 |
 25-Aug-2015 | TO - ZOAIB SEA FOOD - TO CTSIW CLG : 8000600  | 945997 |         4860.00 |                 |       147547.04 |
 27-Aug-2015 | TO - MR   DHAME VILAS SHIVAJ - TO CTSIW CLG   | 947001 |        12250.00 |                 |       135297.04 |
 31-Aug-2015 | BY CASH/0009                                  |        |                 |        30000.00 |       165297.04 |
 01-Sep-2015 | TO - DASHARATHGANPATHIVAG - TO CTSIW CLG : 8  | 947005 |        14225.00 |                 |       151072.04 |
 01-Sep-2015 | TO - ASHOK BHEMRAO PATIL - TO CTSIW CLG : 80  | 947002 |        22000.00 |                 |       129072.04 |
 02-Sep-2015 | TO - VILAS  RAJARAM PAWAR - TO CTSIW CLG : 8  | 947004 |        21500.00 |                 |       107572.04 |
 02-Sep-2015 | TO - DHANAJI R VEER, - TO CTSIW CLG : 800060  | 947003 |        20000.00 |                 |        87572.04 |
 04-Sep-2015 | TO TR SER TAX ON CHQ ISSUE CHG~99/02/007465/0 |        |            3.00 |                 |        87569.04 |
 04-Sep-2015 | TO TR SER TAX ON CHQ ISSUE CHG~99/02/007465/0 |        |            3.00 |                 |        87566.04 |
 05-Sep-2015 | TO - MOOSAUSMANSON - TO CTSIW CLG : 8000610/  | 947006 |         8360.00 |                 |        79206.04 |
 08-Sep-2015 | BY CASH/0009                                  |        |                 |       164000.00 |       243206.04 |
 09-Sep-2015 | TO CASH AMRUT                                 | 947011 |        11510.00 |                 |       231696.04 |
 09-Sep-2015 | TO CASH VINAYAK B. SALUNKHE                   | 947014 |         3990.00 |                 |       227706.04 |
 10-Sep-2015 | TO TR 0002/11/06/1162~11/06/001162/0002       | 947025 |        19155.00 |                 |       208551.04 |
 10-Sep-2015 | TO TR 0002/11/01/525~11/01/000525/0002        | 947027 |         9305.00 |                 |       199246.04 |
 10-Sep-2015 | TO TR 0002/11/01/510~11/01/000510/0002        | 947024 |        19390.00 |                 |       179856.04 |
 10-Sep-2015 | TO - ALI MOHAMED - TO CTSIW CLG : 8000614/AL  | 947010 |         9270.00 |                 |       170586.04 |
 10-Sep-2015 | TO - TO CLEARING - ING/8000614\947015         | 947015 |         7740.00 |                 |       162846.04 |
 10-Sep-2015 | TO - ALMAS FISHERIES - TO CTSIW CLG : 800061  | 947013 |         3140.00 |                 |       159706.04 |
 10-Sep-2015 | TO - MADINA SEA FOOD - INA SEA FOOD/8000614\  | 947012 |        13045.00 |                 |       146661.04 |
 10-Sep-2015 | BY CASH/0009                                  |        |                 |       175000.00 |       321661.04 |
 11-Sep-2015 | AWINASH CHALKE/0016                           | 947008 |         7425.00 |                 |       314236.04 |
 11-Sep-2015 | TO TR  0002/11/01/386~11/01/000386/0002       | 947018 |         6330.00 |                 |       307906.04 |
 11-Sep-2015 | TO TR 0002/11/01/524~11/01/000524/0002        | 947033 |        16140.00 |                 |       291766.04 |
 11-Sep-2015 | TO TR 0002/11/06/66~11/06/000066/0002         | 947043 |         9500.00 |                 |       282266.04 |
 11-Sep-2015 | TO CASH MOHD. NAEEM CHOUHAN                   | 947041 |        10364.00 |                 |       271902.04 |
 11-Sep-2015 | TO - MOHEMED  IRFAN G H PATE - TO CTSIW CLG   | 947016 |        20100.00 |                 |       251802.04 |
 11-Sep-2015 | TO - SMFISHCO - TO CTSIW CLG : 8000615/SMFIS  | 947017 |         4287.00 |                 |       247515.04 |
 11-Sep-2015 | TO - RAGHUNATHMARUT - TO CTSIW CLG : 8000615  | 947019 |        10770.00 |                 |       236745.04 |
 11-Sep-2015 | TO - RAMESHJAYSING - ING/8000615\947020       | 947020 |         3170.00 |                 |       233575.04 |
 11-Sep-2015 | TO - INDIA FISH CO - INDIA FISH CO/8000615\9  | 947022 |         7127.00 |                 |       226448.04 |
 11-Sep-2015 | TO - SAIGANESHFISH - TO CTSIW CLG : 8000615/  | 947026 |         3320.00 |                 |       223128.04 |
 11-Sep-2015 | TO - S. ALI MOHAMMAD ABBA - TO CTSIW CLG : 8  | 947029 |         6445.00 |                 |       216683.04 |
 11-Sep-2015 | TO - OMKAR FISH CO - TO CTSIW CLG : 8000615/  | 947030 |         5863.00 |                 |       210820.04 |
 11-Sep-2015 | TO - KINGFISHCOMPA - INGFISHCOMPA/8000615\94  | 947032 |        12940.00 |                 |       197880.04 |
 14-Sep-2015 | BY CASH                                       |        |                 |        10000.00 |       207880.04 |
 14-Sep-2015 | TO - C P  MARINE FOODS - INE FOODS/8000616\9  | 947044 |         3136.00 |                 |       204744.04 |
 14-Sep-2015 | TO - MOHAMED YAKUB M NAGANI - TO CTSIW CLG :  | 947038 |        16290.00 |                 |       188454.04 |
 14-Sep-2015 | TO - CHISTIYASEAFO - TO CTSIW CLG : 8000616/  | 947021 |         6365.00 |                 |       182089.04 |
 14-Sep-2015 | TO - CAPITAL FISH COMPANY - TO CTSIW CLG : 8  | 947036 |         8480.00 |                 |       173609.04 |
 14-Sep-2015 | TO - AJMERIFRESHFI - TO CTSIW CLG : 8000616/  | 947035 |        17670.00 |                 |       155939.04 |
 15-Sep-2015 | BY CLG BY CLG/124512/99900588/2036/032        | 124512 |                 |       120120.00 |       276059.04 |
-----------------------------------------------------------------------------------------------------------------------------

                                  MUMBAI DISTRICT CENTRAL CO-OP. BANK LTD.,0002-PALTON ROAD                                  
                           A B Shah Market,1st floor, Near Rly.Station,Masjid Bunder Mumbai 400003                           

Current Date  :18-Mar-2017                                                                                  UserId : REPORT02
Time : 15:31:47 PM                                                                                               Page :25 / 43
                                                    Statement Of Account                                                     
                                              From  01-Apr-2012  to  18-Mar-2017                                             

   Accountno :00021101000476
   Name: SHREYAS SEA FOOD SUPPLIERS
   Address :SHIV SHAKT,SHAMBHAJI NAGAR,SHIVNERI CHAWL
   ST ANTHONY RS, NR KARNATAKA HIGH SCHOOL,CHEMBUR
   MUMBAI - 400071
   Limit:0                                 INR
   Joint Holder:
=============================================================================================================================
 Trans. Date | Particulars                                   | InstNo |      Debit Amt. |     Credit Amt. |         Balance |
=============================================================================================================================
 Opening Bal |                                                                                                    276059.04 |
 15-Sep-2015 | TO - SANSEAFOODS - TO CTSIW CLG : 8000617/SA  | 947034 |         8690.00 |                 |       267369.04 |
 15-Sep-2015 | TO - MARINE PLAZA - INE PLAZA/8000617\947045  | 947045 |         3683.00 |                 |       263686.04 |
 15-Sep-2015 | TO - AMOLSEAFOODS - TO CTSIW CLG : 8000617/A  | 947039 |        12770.00 |                 |       250916.04 |
 15-Sep-2015 | TO - LUCKY - TO CTSIW CLG : 8000617/LUCKY/80  | 947046 |        15380.00 |                 |       235536.04 |
 16-Sep-2015 | TO - CHAUHAN FAIZANRAZA NOOR - TO CTSIW CLG   | 947028 |        14642.00 |                 |       220894.04 |
 16-Sep-2015 | TO - HAMVI FISHERIES - TO CTSIW CLG : 800061  | 947037 |         4470.00 |                 |       216424.04 |
 16-Sep-2015 | TO - CLASSIC SEA FOODS - TO CTSIW CLG : 8000  | 947047 |        17510.00 |                 |       198914.04 |
 16-Sep-2015 | TO CHEQUEBOOK ISSUE CHARGES                   |        |          171.00 |                 |       198743.04 |
 18-Sep-2015 | TO TR 11/01/469~11/01/000469/0002             | 947023 |         7215.00 |                 |       191528.04 |
 18-Sep-2015 | TO - MR SANTOSH RAMCHANDRA S - TO CTSIW CLG   | 947048 |         5000.00 |                 |       186528.04 |
 19-Sep-2015 | TO CASH VIVASH N. DHODVAD                     | 947050 |        20000.00 |                 |       166528.04 |
 19-Sep-2015 | TO CASH TANAJI L. POLA                        | 947049 |        40000.00 |                 |       126528.04 |
 19-Sep-2015 | TO - KOKAN FISH - TO CTSIW CLG : 8000621/KOK  | 947040 |         5110.00 |                 |       121418.04 |
 23-Sep-2015 | TO - REAL FRESH FISH - TO CTSIW CLG : 800062  | 947752 |        36780.00 |                 |        84638.04 |
 23-Sep-2015 | TO - NASEEM AND SONS - TO CTSIW CLG : 800062  | 947753 |        16745.00 |                 |        67893.04 |
 24-Sep-2015 | TO - MOHAMEDESSAPA - TO CTSIW CLG : 8000625/  | 947751 |         9105.00 |                 |        58788.04 |
 30-Sep-2015 | TO INCIDENTAL CHARGES                         |        |          228.00 |                 |        58560.04 |
 05-Oct-2015 | BY CASH/0009                                  |        |                 |        80000.00 |       138560.04 |
 05-Oct-2015 | TO - MR   DHAME VILAS SHIVAJ - TO CTSIW CLG   | 947754 |         9200.00 |                 |       129360.04 |
 07-Oct-2015 | TO CASH T.S.PATIL                             | 947757 |         9500.00 |                 |       119860.04 |
 08-Oct-2015 | TO - DHANAJI R VEER, - TO CTSIW CLG : 800063  | 947756 |        16000.00 |                 |       103860.04 |
 09-Oct-2015 | TO - VILAS  RAJARAM PAWAR - TO CTSIW CLG : 8  | 947755 |        20000.00 |                 |        83860.04 |
 12-Oct-2015 | TO CASH VINAYAK B. SALUNKHE                   | 947780 |         7800.00 |                 |        76060.04 |
 12-Oct-2015 | BY CASH/0009                                  |        |                 |        90000.00 |       166060.04 |
 12-Oct-2015 | TO TR 11/01/426~11/01/000426/0002             | 947765 |         4242.00 |                 |       161818.04 |
 12-Oct-2015 | BY TR 11/01/510~11/01/000510/0002             | 947764 |         5230.00 |                 |       156588.04 |
 13-Oct-2015 | BY CASH/0009                                  |        |                 |        94000.00 |       250588.04 |
 13-Oct-2015 | TO TR 11/01/492~11/01/000492/0002             | 947790 |        11740.00 |                 |       238848.04 |
 13-Oct-2015 | TO TR 11/01/469~11/01/000469/0002             | 947791 |         9240.00 |                 |       229608.04 |
 13-Oct-2015 | TO - OMKAR FISH CO - TO CTSIW CLG : 8000637/  | 947786 |         3060.00 |                 |       226548.04 |
 13-Oct-2015 | TO - MOHAMED YAKUB M NAGANI - TO CTSIW CLG :  | 947762 |         9140.00 |                 |       217408.04 |
 13-Oct-2015 | TO - PRADEEP SEA FOODS  PRO - TO CTSIW CLG :  | 947766 |         4990.00 |                 |       212418.04 |
 13-Oct-2015 | TO - AJMERIFRESHFI - TO CTSIW CLG : 8000637/  | 947773 |        12430.00 |                 |       199988.04 |
 13-Oct-2015 | TO - SHREE GANESH FISH CO - TO CTSIW CLG : 8  | 947761 |         3525.00 |                 |       196463.04 |
 13-Oct-2015 | TO - KARANFISHCOMP - TO CTSIW CLG : 8000637/  | 947778 |         9910.00 |                 |       186553.04 |
 13-Oct-2015 | TO - THREESTARSEAF - TO CTSIW CLG : 8000637/  | 947779 |         7125.00 |                 |       179428.04 |
 13-Oct-2015 | TO - INDIA FISH CO - INDIA FISH CO/8000637\9  | 947777 |         4810.00 |                 |       174618.04 |
 13-Oct-2015 | TO - M/SVIRAJ FISH TRADERS - TO CTSIW CLG :   | 947763 |          370.00 |                 |       174248.04 |
 13-Oct-2015 | TO - ALI MOHAMED - TO CTSIW CLG : 8000637/AL  | 947784 |         4340.00 |                 |       169908.04 |
 13-Oct-2015 | TO - MARINE PLAZA - INE PLAZA/8000637\947785  | 947785 |         3500.00 |                 |       166408.04 |
 13-Oct-2015 | TO - CHISTIYASEAFOOD - TO CTSIW CLG : 800063  | 947782 |        10480.00 |                 |       155928.04 |
 13-Oct-2015 | TO - NASEEM AND SONS - TO CTSIW CLG : 800063  | 947767 |        14455.00 |                 |       141473.04 |
 13-Oct-2015 | BY CASH                                       |        |                 |       126000.00 |       267473.04 |
 13-Oct-2015 | TO TR 11/06/264~11/06/000264/0002             | 947800 |        36561.00 |                 |       230912.04 |
 14-Oct-2015 | BY CASH/0009                                  |        |                 |        60000.00 |       290912.04 |
 14-Oct-2015 | TO TR 10/01/9269~10/01/009269/0002            | 947770 |         3750.00 |                 |       287162.04 |
 14-Oct-2015 | TO CHEQUEBOOK ISSUE CHARGES                   |        |          171.00 |                 |       286991.04 |
 14-Oct-2015 | TO - C P  MARINE FOODS - INE FOODS/8000638\9  | 947774 |         2305.00 |                 |       284686.04 |
-----------------------------------------------------------------------------------------------------------------------------

                                  MUMBAI DISTRICT CENTRAL CO-OP. BANK LTD.,0002-PALTON ROAD                                  
                           A B Shah Market,1st floor, Near Rly.Station,Masjid Bunder Mumbai 400003                           

Current Date  :18-Mar-2017                                                                                  UserId : REPORT02
Time : 15:31:47 PM                                                                                               Page :26 / 43
                                                    Statement Of Account                                                     
                                              From  01-Apr-2012  to  18-Mar-2017                                             

   Accountno :00021101000476
   Name: SHREYAS SEA FOOD SUPPLIERS
   Address :SHIV SHAKT,SHAMBHAJI NAGAR,SHIVNERI CHAWL
   ST ANTHONY RS, NR KARNATAKA HIGH SCHOOL,CHEMBUR
   MUMBAI - 400071
   Limit:0                                 INR
   Joint Holder:
=============================================================================================================================
 Trans. Date | Particulars                                   | InstNo |      Debit Amt. |     Credit Amt. |         Balance |
=============================================================================================================================
 Opening Bal |                                                                                                    284686.04 |
 14-Oct-2015 | TO - KINGFISHCOMPA - INGFISHCOMPA/8000638\94  | 947787 |         3250.00 |                 |       281436.04 |
 14-Oct-2015 | TO - HAMVI FISHERIES - TO CTSIW CLG : 800063  | 947793 |         9425.00 |                 |       272011.04 |
 14-Oct-2015 | TO - KULABA SEA FOODS - TO CTSIW CLG : 80006  | 947768 |         8860.00 |                 |       263151.04 |
 14-Oct-2015 | TO - KOKAN FISH - TO CTSIW CLG : 8000638/KOK  | 947795 |         3175.00 |                 |       259976.04 |
 14-Oct-2015 | TO - BUKHARI FRESH FISH - TO CTSIW CLG : 800  | 947799 |        12645.00 |                 |       247331.04 |
 14-Oct-2015 | TO - CLASSIC SEA FOODS - TO CTSIW CLG : 8000  | 947798 |         5030.00 |                 |       242301.04 |
 14-Oct-2015 | TO - IMRANSEAFOODS - TO CTSIW CLG : 8000638/  | 947759 |         2480.00 |                 |       239821.04 |
 14-Oct-2015 | TO - RAGHUNATHMARUT - TO CTSIW CLG : 8000638  | 947794 |         7320.00 |                 |       232501.04 |
 14-Oct-2015 | TO - AMOLSEAFOODS - TO CTSIW CLG : 8000638/A  | 947797 |        22240.00 |                 |       210261.04 |
 14-Oct-2015 | TO - BALKRISHAN - TO CTSIW CLG : 8000638/BAL  | 947769 |        17070.00 |                 |       193191.04 |
 14-Oct-2015 | TO - K SHAM AND CO - TO CTSIW CLG : 8000638/  | 947771 |         6470.00 |                 |       186721.04 |
 14-Oct-2015 | TO - MAYURSEAFOODS - TO CTSIW CLG : 8000638/  | 947781 |         7060.00 |                 |       179661.04 |
 14-Oct-2015 | TO - SANSEAFOODS - TO CTSIW CLG : 8000638/SA  | 947792 |         4200.00 |                 |       175461.04 |
 14-Oct-2015 | TO - EKTA SEA FOODS, - TO CTSIW CLG : 800063  | 947776 |         7500.00 |                 |       167961.04 |
 14-Oct-2015 | TO - EKTA SEA FOODS, - TO CTSIW CLG : 800063  | 947772 |        20665.00 |                 |       147296.04 |
 14-Oct-2015 | TO - AFZAL MEHMOOD MULTANI - TO CTSIW CLG :   | 947783 |        10790.00 |                 |       136506.04 |
 14-Oct-2015 | TO - SHRI SAI SEA FOODS - TO CTSIW CLG : 800  | 947789 |         2835.00 |                 |       133671.04 |
 14-Oct-2015 | TO - CAPITAL FISH COMPANY - TO CTSIW CLG : 8  | 947796 |         1795.00 |                 |       131876.04 |
 15-Oct-2015 | TO - VIKAS NAGARI SAHAKARI P - TO CTSIW CLG   | 947788 |         3900.00 |                 |       127976.04 |
 15-Oct-2015 | TO - MADINA SEA FOOD - INA SEA FOOD/8000639\  | 947760 |         3885.00 |                 |       124091.04 |
 19-Oct-2015 | TO CASH TUKARAM SHANKAR PATIL                 | 949053 |         5460.00 |                 |       118631.04 |
 19-Oct-2015 | TO - ASIF SATTAR MACHIWALA - TO CTSIW CLG :   | 949052 |        10760.00 |                 |       107871.04 |
 19-Oct-2015 | TO - MR   DHAME VILAS SHIVAJ - TO CTSIW CLG   | 949051 |         9100.00 |                 |        98771.04 |
 21-Oct-2015 | TO - SAIGANESHFISHCO - TO CTSIW CLG : 800064  | 949054 |         3235.00 |                 |        95536.04 |
 21-Oct-2015 | TO - REAL FRESH FISH - TO CTSIW CLG : 800064  | 949056 |        13750.00 |                 |        81786.04 |
 21-Oct-2015 | BY CASH                                       |        |                 |        23000.00 |       104786.04 |
 23-Oct-2015 | TO TR 11/06/1167~11/06/001167/0002            | 949055 |        20000.00 |                 |        84786.04 |
 26-Oct-2015 | BY CLG BY CLG/124513/99900616/150/032         | 124513 |                 |        71300.00 |       156086.04 |
 27-Oct-2015 | TO - IMRANSEAFOODS - TO CTSIW CLG : 8000647/  | 949058 |         4654.00 |                 |       151432.04 |
 28-Oct-2015 | TO - HINDURAO VASANT GURAV - INDURAO VASANT   | 949057 |        16000.00 |                 |       135432.04 |
 30-Oct-2015 | TO - ASHOK BHIMRAO PATIL - TO CTSIW CLG : 80  | 947775 |         7570.00 |                 |       127862.04 |
 30-Oct-2015 | TO - TOP KIDS - TO CTSIW CLG : 8000650/TOP K  | 945976 |         4865.00 |                 |       122997.04 |
 02-Nov-2015 | BY CASH                                       |        |                 |       130000.00 |       252997.04 |
 02-Nov-2015 | TO - DHANAJI R VEER, - TO CTSIW CLG : 800065  | 949059 |         4900.00 |                 |       248097.04 |
 06-Nov-2015 | BY CLG BY CLG/111661/99900626/1472/032        | 111661 |                 |        30300.00 |       278397.04 |
 06-Nov-2015 | BY CASH                                       |        |                 |       227000.00 |       505397.04 |
 07-Nov-2015 | TO CASH TUKARAM SHANKAR PATIL                 | 949060 |         6200.00 |                 |       499197.04 |
 09-Nov-2015 | TO CASH PANDURANG BHIMAJI KADAM               | 949081 |        10000.00 |                 |       489197.04 |
 09-Nov-2015 | TO CASH PRAVEEN PATIL                         | 949080 |         5020.00 |                 |       484177.04 |
 09-Nov-2015 | TO TR 0002/11/01/510~11/01/000510/0002        | 949064 |         9340.00 |                 |       474837.04 |
 09-Nov-2015 | TO TR 0002/11/01/426~11/01/000426/0002        | 949072 |        20748.00 |                 |       454089.04 |
 09-Nov-2015 | TO TR 0002/11/06/264~11/06/000264/0002        | 949074 |        19285.00 |                 |       434804.04 |
 10-Nov-2015 | TO TR 11/01/461~11/01/000461/0002             | 949092 |         3620.00 |                 |       431184.04 |
 10-Nov-2015 | TO TR 0002/11/06/1162~11/06/001162/0002       | 949089 |         7960.00 |                 |       423224.04 |
 10-Nov-2015 | TO TRANSFER 02/11/01/467~11/01/000467/0002    | 949086 |        13400.00 |                 |       409824.04 |
 10-Nov-2015 | TO - KULABA SEA FOODS - TO CTSIW CLG : 80006  | 949071 |        10655.00 |                 |       399169.04 |
 10-Nov-2015 | TO - KINGFISHCOMPANY - INGFISHCOMPANY/800065  | 949077 |         9960.00 |                 |       389209.04 |
 10-Nov-2015 | TO - MOOSAUSMANSON - TO CTSIW CLG : 8000659/  | 949063 |        24700.00 |                 |       364509.04 |
-----------------------------------------------------------------------------------------------------------------------------

                                  MUMBAI DISTRICT CENTRAL CO-OP. BANK LTD.,0002-PALTON ROAD                                  
                           A B Shah Market,1st floor, Near Rly.Station,Masjid Bunder Mumbai 400003                           

Current Date  :18-Mar-2017                                                                                  UserId : REPORT02
Time : 15:31:47 PM                                                                                               Page :27 / 43
                                                    Statement Of Account                                                     
                                              From  01-Apr-2012  to  18-Mar-2017                                             

   Accountno :00021101000476
   Name: SHREYAS SEA FOOD SUPPLIERS
   Address :SHIV SHAKT,SHAMBHAJI NAGAR,SHIVNERI CHAWL
   ST ANTHONY RS, NR KARNATAKA HIGH SCHOOL,CHEMBUR
   MUMBAI - 400071
   Limit:0                                 INR
   Joint Holder:
=============================================================================================================================
 Trans. Date | Particulars                                   | InstNo |      Debit Amt. |     Credit Amt. |         Balance |
=============================================================================================================================
 Opening Bal |                                                                                                    364509.04 |
 10-Nov-2015 | TO - AJMERIFRESHFISHAFZA - TO CTSIW CLG : 80  | 949075 |         5340.00 |                 |       359169.04 |
 10-Nov-2015 | TO - SANDIP TANAJI KHOCHARE - TO CTSIW CLG :  | 949066 |         4780.00 |                 |       354389.04 |
 10-Nov-2015 | TO - CHAUHAN FAIZANRAZA NOOR - TO CTSIW CLG   | 949061 |         9345.00 |                 |       345044.04 |
 10-Nov-2015 | TO - OMKAR FISH CO - TO CTSIW CLG : 8000659/  | 949076 |         4930.00 |                 |       340114.04 |
 10-Nov-2015 | TO - KARANFISHCOMP - TO CTSIW CLG : 8000659/  | 949079 |         8165.00 |                 |       331949.04 |
 10-Nov-2015 | TO - C P  MARINE FOODS - INE FOODS/8000659\9  | 949068 |         7385.00 |                 |       324564.04 |
 10-Nov-2015 | TO - NAZIR FRESH FISH - TO CTSIW CLG : 80006  | 949069 |        16404.00 |                 |       308160.04 |
 10-Nov-2015 | TO TR 0002/10/01/9269~10/01/009269/0002       | 949090 |        20000.00 |                 |       288160.04 |
 10-Nov-2015 | TO CASH JAMANADAS B.MACHHI                    | 949082 |         6780.00 |                 |       281380.04 |
 10-Nov-2015 | TO TR 0002/11/01/469~11/01/000469/0002        | 949085 |        12525.00 |                 |       268855.04 |
 12-Nov-2015 | TO - SHREE GANESH FISH CO - TO CTSIW CLG : 8  | 949065 |         9640.00 |                 |       259215.04 |
 12-Nov-2015 | TO - MR   MANJABHAU  BHAGAJI - TO CTSIW CLG   | 949070 |         6890.00 |                 |       252325.04 |
 12-Nov-2015 | TO - THREESTARSEAF - TO CTSIW CLG : 8000660/  | 949073 |         9763.00 |                 |       242562.04 |
 12-Nov-2015 | TO - INDIA FISH CO - INDIA FISH CO/8000660\9  | 949083 |        24530.00 |                 |       218032.04 |
 13-Nov-2015 | TO - M/SVIRAJ FISH TRADERS - TO CTSIW CLG :   | 949062 |        18252.00 |                 |       199780.04 |
 13-Nov-2015 | TO - CTS CLEARING - ING/8000661\949087        | 949087 |         5560.00 |                 |       194220.04 |
 16-Nov-2015 | TO - MILAN FISH TRADERS  PRO - TO CTSIW CLG   | 949091 |         5110.00 |                 |       189110.04 |
 16-Nov-2015 | TO - RAMRAO V PATIL KAKA NAG - TO CTSIW CLG   | 949088 |         3120.00 |                 |       185990.04 |
 17-Nov-2015 | TO - KOKAN FISH - TO CTSIW CLG : 8000663/KOK  | 949084 |         2930.00 |                 |       183060.04 |
 17-Nov-2015 | TO - MAYURSEAFOODS - TO CTSIW CLG : 8000663/  | 949078 |         5385.00 |                 |       177675.04 |
 20-Nov-2015 | TO - SHRI SAI SEA FOODS - TO CTSIW CLG : 800  | 949067 |         4985.00 |                 |       172690.04 |
 23-Nov-2015 | TO TR 0002/11/01/426~11/01/000426/0002        | 949098 |        14360.00 |                 |       158330.04 |
 23-Nov-2015 | BY CASH                                       |        |                 |       129000.00 |       287330.04 |
 23-Nov-2015 | BY CASH                                       |        |                 |        71000.00 |       358330.04 |
 24-Nov-2015 | TO - BUKHARI FRESH FISH - TO CTSIW CLG : 800  | 949099 |        14705.00 |                 |       343625.04 |
 24-Nov-2015 | TO - NASEEM AND SONS - TO CTSIW CLG : 800066  | 949094 |         9825.00 |                 |       333800.04 |
 24-Nov-2015 | TO - AMOLSEAFOODS - TO CTSIW CLG : 8000669/A  | 949802 |        24145.00 |                 |       309655.04 |
 24-Nov-2015 | TO - MOHAMEDESSAPATELAND - TO CTSIW CLG : 80  | 949803 |        28830.00 |                 |       280825.04 |
 24-Nov-2015 | TO - CHISTIYASEAFOOD - TO CTSIW CLG : 800066  | 949801 |         5925.00 |                 |       274900.04 |
 24-Nov-2015 | TO - REAL FRESH FISH - TO CTSIW CLG : 800066  | 949097 |        19370.00 |                 |       255530.04 |
 25-Nov-2015 | TO - TO CLEARING - ING/8000670\949093         | 949093 |         9000.00 |                 |       246530.04 |
 25-Nov-2015 | TO - CAPITAL FISH COMPANY - TO CTSIW CLG : 8  | 949096 |         9925.00 |                 |       236605.04 |
 26-Nov-2015 | TO CHEQUEBOOK ISSUE CHARGES                   |        |          172.00 |                 |       236433.04 |
 27-Nov-2015 | TO - CLASSIC SEA FOODS - TO CTSIW CLG : 8000  | 949805 |        12510.00 |                 |       223923.04 |
 27-Nov-2015 | TO - SANSEAFOODS - TO CTSIW CLG : 8000672/SA  | 949095 |         9800.00 |                 |       214123.04 |
 01-Dec-2015 | TO CASH SHAHAJI VEER                          | 949809 |         7500.00 |                 |       206623.04 |
 03-Dec-2015 | TO TR 11/01/500~11/01/000500/0002             | 949808 |         7550.00 |                 |       199073.04 |
 03-Dec-2015 | TO - GULAB FISH CO - TO CTSIW CLG : 8000676/  | 949807 |         4580.00 |                 |       194493.04 |
 07-Dec-2015 | TO - ASHOK BHIMRAO PATIL - TO CTSIW CLG : 80  | 949804 |        20000.00 |                 |       174493.04 |
 07-Dec-2015 | TO - JAMIL CRAB AND FISH SUP - TO CTSIW CLG   | 949806 |         5560.00 |                 |       168933.04 |
 08-Dec-2015 | TO - HINDURAO VASANT GURAV - INDURAO VASANT   | 949810 |        24000.00 |                 |       144933.04 |
 09-Dec-2015 | TO CASH HANMANTH SAWANT                       | 949813 |         5000.00 |                 |       139933.04 |
 09-Dec-2015 | BY CASH/0009                                  |        |                 |        26410.00 |       166343.04 |
 10-Dec-2015 | BY CASH/0009                                  |        |                 |        85000.00 |       251343.04 |
 10-Dec-2015 | TO - VIJAYKUMAR BALKU PAWAR - TO CTSIW CLG :  | 949812 |         7500.00 |                 |       243843.04 |
 10-Dec-2015 | TO - DHANAJI R VEER, - TO CTSIW CLG : 800068  | 949811 |        20000.00 |                 |       223843.04 |
 14-Dec-2015 | BY CASH/0009                                  |        |                 |        70000.00 |       293843.04 |
 15-Dec-2015 | TO TR 10/01/9269~10/01/009269/0002            | 949814 |        10000.00 |                 |       283843.04 |
-----------------------------------------------------------------------------------------------------------------------------

                                  MUMBAI DISTRICT CENTRAL CO-OP. BANK LTD.,0002-PALTON ROAD                                  
                           A B Shah Market,1st floor, Near Rly.Station,Masjid Bunder Mumbai 400003                           

Current Date  :18-Mar-2017                                                                                  UserId : REPORT02
Time : 15:31:47 PM                                                                                               Page :28 / 43
                                                    Statement Of Account                                                     
                                              From  01-Apr-2012  to  18-Mar-2017                                             

   Accountno :00021101000476
   Name: SHREYAS SEA FOOD SUPPLIERS
   Address :SHIV SHAKT,SHAMBHAJI NAGAR,SHIVNERI CHAWL
   ST ANTHONY RS, NR KARNATAKA HIGH SCHOOL,CHEMBUR
   MUMBAI - 400071
   Limit:0                                 INR
   Joint Holder:
=============================================================================================================================
 Trans. Date | Particulars                                   | InstNo |      Debit Amt. |     Credit Amt. |         Balance |
=============================================================================================================================
 Opening Bal |                                                                                                    283843.04 |
 16-Dec-2015 | TO CASH T.S.PATIL                             | 949815 |         7900.00 |                 |       275943.04 |
 17-Dec-2015 | TO TR 11/1/492~11/01/000492/0002              | 949835 |         8695.00 |                 |       267248.04 |
 17-Dec-2015 | TO TR 11/01/510~11/01/000510/0002             | 949828 |         3300.00 |                 |       263948.04 |
 17-Dec-2015 | TO CASH PANDURANG BHIMAJI KADAM               | 949836 |         1985.00 |                 |       261963.04 |
 17-Dec-2015 | TO TR 11/01/426~11/01/000426/0002             | 949821 |         2390.00 |                 |       259573.04 |
 17-Dec-2015 | TO CASH SELF                                  | 949837 |        11395.00 |                 |       248178.04 |
 18-Dec-2015 | TO - INDIA FISH CO - INDIA FISH CO/8000688\9  | 949825 |        19950.00 |                 |       228228.04 |
 18-Dec-2015 | TO - CHISTIYASEAFOOD - TO CTSIW CLG : 800068  | 949824 |         4825.00 |                 |       223403.04 |
 18-Dec-2015 | TO - ABDUL   SONS - TO CTSIW CLG : 8000688/A  | 949820 |        10760.00 |                 |       212643.04 |
 18-Dec-2015 | TO - KULABA SEA FOODS - TO CTSIW CLG : 80006  | 949833 |         6945.00 |                 |       205698.04 |
 18-Dec-2015 | TO - SHREE GANESH FISH CO - TO CTSIW CLG : 8  | 949839 |        29040.00 |                 |       176658.04 |
 18-Dec-2015 | TO - OMKAR FISH CO - TO CTSIW CLG : 8000688/  | 949832 |         5315.00 |                 |       171343.04 |
 18-Dec-2015 | TO - M/SVIRAJ FISH TRADERS - TO CTSIW CLG :   | 949831 |         2030.00 |                 |       169313.04 |
 18-Dec-2015 | TO - AMOLSEAFOODS - TO CTSIW CLG : 8000688/A  | 949817 |         1480.00 |                 |       167833.04 |
 18-Dec-2015 | TO - KARANFISHCOMPANY - TO CTSIW CLG : 80006  | 949822 |         5944.00 |                 |       161889.04 |
 18-Dec-2015 | TO - IMRANSEAFOODSIMRAN - TO CTSIW CLG : 800  | 949826 |         2415.00 |                 |       159474.04 |
 18-Dec-2015 | TO - RAGHUNATHMARUTIGHARE - TO CTSIW CLG : 8  | 949830 |        16690.00 |                 |       142784.04 |
 18-Dec-2015 | TO - KGN SEA FOODS - TO CTSIW CLG : 8000688/  | 949816 |         4075.00 |                 |       138709.04 |
 18-Dec-2015 | TO - C P  MARINE FOODS - INE FOODS/8000688\9  | 949829 |        10237.00 |                 |       128472.04 |
 18-Dec-2015 | TO - KINGFISHCOMPANY - INGFISHCOMPANY/800068  | 949818 |         1447.00 |                 |       127025.04 |
 18-Dec-2015 | TO - AJMERIFRESHFISHAFZA - TO CTSIW CLG : 80  | 949819 |         2315.00 |                 |       124710.04 |
 18-Dec-2015 | TO - SANSEAFOODS - TO CTSIW CLG : 8000688/SA  | 949823 |         3653.00 |                 |       121057.04 |
 19-Dec-2015 | TO - S. ALI MOHAMMAD ABBA - TO CTSIW CLG : 8  | 949834 |         3980.00 |                 |       117077.04 |
 21-Dec-2015 | TO CASH JAYSING MARUTI GOSAVI                 | 949843 |        12870.00 |                 |       104207.04 |
 21-Dec-2015 | TO - KOKAN FISH - TO CTSIW CLG : 8000691/KOK  | 949838 |         4534.00 |                 |        99673.04 |
 21-Dec-2015 | TO - MILAN FISH TRADERS  PRO - TO CTSIW CLG   | 949841 |         8505.00 |                 |        91168.04 |
 21-Dec-2015 | BY CASH/0009                                  |        |                 |        95000.00 |       186168.04 |
 21-Dec-2015 | TO TR 11/06/264~11/06/000264/0002             | 949846 |         3710.00 |                 |       182458.04 |
 22-Dec-2015 | BY CASH/0009                                  |        |                 |        34000.00 |       216458.04 |
 22-Dec-2015 | TO - BUKHARI FRESH FISH - TO CTSIW CLG : 800  | 949840 |         1070.00 |                 |       215388.04 |
 22-Dec-2015 | TO - SHIRAJ HAJI - TO CTSIW CLG : 8000692/SH  | 949847 |         7190.00 |                 |       208198.04 |
 22-Dec-2015 | TO - SUBHASH - TO CTSIW CLG : 8000692/SUBHAS  | 949827 |         9425.00 |                 |       198773.04 |
 23-Dec-2015 | TO CASH SAPANT ANNA CHALKE                    | 949844 |         3565.00 |                 |       195208.04 |
 23-Dec-2015 | TO - MR   DHAME VILAS SHIVAJ - TO CTSIW CLG   | 949842 |         8900.00 |                 |       186308.04 |
 23-Dec-2015 | TO - MARINE PLAZA - INE PLAZA/8000693\949845  | 949845 |         6075.00 |                 |       180233.04 |
 28-Dec-2015 | BY CASH/0009                                  |        |                 |        95000.00 |       275233.04 |
 28-Dec-2015 | TO TR 10/01/9269~10/01/009269/0002            | 951554 |         6200.00 |                 |       269033.04 |
 29-Dec-2015 | TO - HAMVI FISHERIES - TO CTSIW CLG : 800069  | 949849 |        36660.00 |                 |       232373.04 |
 29-Dec-2015 | TO - BUKHARI FRESH FISH - TO CTSIW CLG : 800  | 949848 |        25070.00 |                 |       207303.04 |
 29-Dec-2015 | TO - M/S ONEOHAM - TO CTSIW CLG : 8000696/M/  | 951553 |        22720.00 |                 |       184583.04 |
 29-Dec-2015 | TO - ALI MOHAMED - TO CTSIW CLG : 8000696/AL  | 951551 |         8970.00 |                 |       175613.04 |
 30-Dec-2015 | TO - EKTA SEA FOODS, - TO CTSIW CLG : 800069  | 949850 |        25440.00 |                 |       150173.04 |
 30-Dec-2015 | TO - THREESTARSEAF - TO CTSIW CLG : 8000697/  | 951552 |         8096.00 |                 |       142077.04 |
 04-Jan-2016 | BY CASH/0009                                  |        |                 |        95000.00 |       237077.04 |
 05-Jan-2016 | BY CASH/0009                                  |        |                 |        80000.00 |       317077.04 |
 05-Jan-2016 | TO - SHRI SAI SEA FOODS - TO CTSIW CLG : 800  | 951555 |        13510.00 |                 |       303567.04 |
 07-Jan-2016 | TO - MOOSAUSMANSONS - TO CTSIW CLG : 8000704  | 951556 |         7975.00 |                 |       295592.04 |
 12-Jan-2016 | TO TR 0002/11/06/66~11/06/000066/0002         | 951561 |         6020.00 |                 |       289572.04 |
-----------------------------------------------------------------------------------------------------------------------------

                                  MUMBAI DISTRICT CENTRAL CO-OP. BANK LTD.,0002-PALTON ROAD                                  
                           A B Shah Market,1st floor, Near Rly.Station,Masjid Bunder Mumbai 400003                           

Current Date  :18-Mar-2017                                                                                  UserId : REPORT02
Time : 15:31:47 PM                                                                                               Page :29 / 43
                                                    Statement Of Account                                                     
                                              From  01-Apr-2012  to  18-Mar-2017                                             

   Accountno :00021101000476
   Name: SHREYAS SEA FOOD SUPPLIERS
   Address :SHIV SHAKT,SHAMBHAJI NAGAR,SHIVNERI CHAWL
   ST ANTHONY RS, NR KARNATAKA HIGH SCHOOL,CHEMBUR
   MUMBAI - 400071
   Limit:0                                 INR
   Joint Holder:
=============================================================================================================================
 Trans. Date | Particulars                                   | InstNo |      Debit Amt. |     Credit Amt. |         Balance |
=============================================================================================================================
 Opening Bal |                                                                                                    289572.04 |
 12-Jan-2016 | TO TR 11/06/264~11/06/000264/0002             | 951566 |        19295.00 |                 |       270277.04 |
 12-Jan-2016 | TO TR 0002/10/01/9269~10/01/009269/0002       | 951562 |        19772.00 |                 |       250505.04 |
 13-Jan-2016 | TO TR 11/01/525~11/01/000525/0002             | 951564 |         3430.00 |                 |       247075.04 |
 13-Jan-2016 | BY CASH/0009                                  |        |                 |        30000.00 |       277075.04 |
 13-Jan-2016 | TO - NAZIRFRESHFISH - TO CTSIW CLG : 8000708  | 951563 |        16835.00 |                 |       260240.04 |
 13-Jan-2016 | TO - KULABA SEA FOODS - TO CTSIW CLG : 80007  | 951565 |         6115.00 |                 |       254125.04 |
 13-Jan-2016 | TO - C P  MARINE FOODS - INE FOODS/8000708\9  | 951567 |         8945.00 |                 |       245180.04 |
 13-Jan-2016 | TO - KARANFISHCOMPANY - TO CTSIW CLG : 80007  | 951568 |        12110.00 |                 |       233070.04 |
 13-Jan-2016 | TO - M/SVIRAJ FISH TRADERS - TO CTSIW CLG :   | 951559 |        11190.00 |                 |       221880.04 |
 14-Jan-2016 | TO TR 11/01/525~11/01/000525/0002             | 951583 |         3370.00 |                 |       218510.04 |
 14-Jan-2016 | TO CASH SANJAY AMBA KUMBHAR                   | 951591 |        20510.00 |                 |       198000.04 |
 14-Jan-2016 | TO TR 11/01/510~11/01/000510/0002             | 951576 |         3660.00 |                 |       194340.04 |
 14-Jan-2016 | TO TR 11/01/426~11/01/000426/0002             | 951581 |         4380.00 |                 |       189960.04 |
 14-Jan-2016 | BY CASH                                       |        |                 |       120200.00 |       310160.04 |
 14-Jan-2016 | TO - KOKAN FISH - TO CTSIW CLG : 8000709/KOK  | 951560 |         4370.00 |                 |       305790.04 |
 14-Jan-2016 | TO - CHALKE ANANT SHIVAJI - TO CTSIW CLG : 8  | 951557 |         2425.00 |                 |       303365.04 |
 14-Jan-2016 | TO CHEQUEBOOK ISSUE CHARGES                   |        |          344.00 |                 |       303021.04 |
 15-Jan-2016 | BY CASH/0009                                  |        |                 |        40530.00 |       343551.04 |
 15-Jan-2016 | TO - DHANAJI R VEER, - TO CTSIW CLG : 800071  | 951570 |         9250.00 |                 |       334301.04 |
 15-Jan-2016 | TO - DHANAJI R VEER, - TO CTSIW CLG : 800071  | 951569 |        20000.00 |                 |       314301.04 |
 15-Jan-2016 | TO - CAPITAL FISH COMPANY - TO CTSIW CLG : 8  | 951587 |        27826.00 |                 |       286475.04 |
 15-Jan-2016 | TO - ABDUL - TO CTSIW CLG : 8000710/ABDUL/80  | 951573 |         9670.00 |                 |       276805.04 |
 15-Jan-2016 | TO - ALI MOHAMED - TO CTSIW CLG : 8000710/AL  | 951585 |         8686.00 |                 |       268119.04 |
 15-Jan-2016 | TO - SHREE GANESH FISH CO - TO CTSIW CLG : 8  | 951572 |         4950.00 |                 |       263169.04 |
 15-Jan-2016 | TO - THREESTARSEAF - TO CTSIW CLG : 8000710/  | 951575 |        10566.00 |                 |       252603.04 |
 15-Jan-2016 | TO - RAGHUNATHMARUT - TO CTSIW CLG : 8000710  | 951579 |         5990.00 |                 |       246613.04 |
 15-Jan-2016 | TO INWREJ.CHRGS:951590                        |        |          335.00 |                 |       246278.04 |
 16-Jan-2016 | TO - OMKAR FISH CO - TO CTSIW CLG : 8000711/  | 951588 |         2900.00 |                 |       243378.04 |
 16-Jan-2016 | TO - EKTA SEA FOODS, - TO CTSIW CLG : 800071  | 951580 |         7745.00 |                 |       235633.04 |
 16-Jan-2016 | TO - ASIT SATTAR MACHIWALA - TO CTSIW CLG :   | 951577 |         8065.00 |                 |       227568.04 |
 16-Jan-2016 | TO - NAYNABEN MACHHI - TO CTSIW CLG : 800071  | 951574 |         6080.00 |                 |       221488.04 |
 16-Jan-2016 | TO - ALMAS FISHERIES - TO CTSIW CLG : 800071  | 951592 |         2770.00 |                 |       218718.04 |
 16-Jan-2016 | TO - ALNAZIR SEA - TO CTSIW CLG : 8000711/AL  | 951578 |        10854.00 |                 |       207864.04 |
 16-Jan-2016 | TO - BALKRISHAN - TO CTSIW CLG : 8000711/BAL  | 951586 |        11915.00 |                 |       195949.04 |
 18-Jan-2016 | BY CASH                                       |        |                 |        80000.00 |       275949.04 |
 18-Jan-2016 | TO - PRADEEP  MOHAN SALUNKHE - TO CTSIW CLG   | 951589 |        11400.00 |                 |       264549.04 |
 18-Jan-2016 | TO - PRADEEP  MOHAN SALUNKHE - TO CTSIW CLG   | 951571 |        21970.00 |                 |       242579.04 |
 18-Jan-2016 | TO - ASHOK BHIMRAO PATIL - TO CTSIW CLG : 80  | 951593 |         8430.00 |                 |       234149.04 |
 18-Jan-2016 | TO - SMFISHCO - TO CTSIW CLG : 8000712/SMFIS  | 951584 |         8580.00 |                 |       225569.04 |
 19-Jan-2016 | TO - INDIA FISH CO - INDIA FISH CO/8000713\9  | 951597 |         9860.00 |                 |       215709.04 |
 19-Jan-2016 | TO - KGN SEA FOODS - TO CTSIW CLG : 8000713/  | 951599 |         5200.00 |                 |       210509.04 |
 19-Jan-2016 | TO - KINGFISHCOMPA - INGFISHCOMPA/8000713\95  | 951595 |         3890.00 |                 |       206619.04 |
 19-Jan-2016 | TO - CHAUHAN FAIZANRAZA NOOR - TO CTSIW CLG   | 951582 |         3647.00 |                 |       202972.04 |
 19-Jan-2016 | TO - S. ALI MOHAMMAD ABBA - TO CTSIW CLG : 8  | 951598 |        19040.00 |                 |       183932.04 |
 19-Jan-2016 | TO - CHISTIYASEAFOOD - TO CTSIW CLG : 800071  | 951596 |         8234.00 |                 |       175698.04 |
 20-Jan-2016 | BY CASH/0009                                  |        |                 |        86000.00 |       261698.04 |
 20-Jan-2016 | TO TR 11/01/469~11/01/000469/0002             |        |         7640.00 |                 |       254058.04 |
 21-Jan-2016 | BY CASH/0009                                  |        |                 |        89500.00 |       343558.04 |
-----------------------------------------------------------------------------------------------------------------------------

                                  MUMBAI DISTRICT CENTRAL CO-OP. BANK LTD.,0002-PALTON ROAD                                  
                           A B Shah Market,1st floor, Near Rly.Station,Masjid Bunder Mumbai 400003                           

Current Date  :18-Mar-2017                                                                                  UserId : REPORT02
Time : 15:31:48 PM                                                                                               Page :30 / 43
                                                    Statement Of Account                                                     
                                              From  01-Apr-2012  to  18-Mar-2017                                             

   Accountno :00021101000476
   Name: SHREYAS SEA FOOD SUPPLIERS
   Address :SHIV SHAKT,SHAMBHAJI NAGAR,SHIVNERI CHAWL
   ST ANTHONY RS, NR KARNATAKA HIGH SCHOOL,CHEMBUR
   MUMBAI - 400071
   Limit:0                                 INR
   Joint Holder:
=============================================================================================================================
 Trans. Date | Particulars                                   | InstNo |      Debit Amt. |     Credit Amt. |         Balance |
=============================================================================================================================
 Opening Bal |                                                                                                    343558.04 |
 21-Jan-2016 | TO CASH VIKAS N DHONDVAD                      | 952563 |        41000.00 |                 |       302558.04 |
 21-Jan-2016 | TO - HAMVI FISHERIES - TO CTSIW CLG : 800071  | 952554 |        10630.00 |                 |       291928.04 |
 21-Jan-2016 | TO - SHAANSEAFOODS - TO CTSIW CLG : 8000715/  | 951558 |         6580.00 |                 |       285348.04 |
 21-Jan-2016 | TO - NATIONAL FISH COMPANY - TO CTSIW CLG :   | 952558 |         6625.00 |                 |       278723.04 |
 21-Jan-2016 | TO - NASEEM AND SONS - TO CTSIW CLG : 800071  | 952556 |        36560.00 |                 |       242163.04 |
 21-Jan-2016 | TO - MADINA SEA FOOD - INA SEA FOOD/8000715\  | 952559 |         8340.00 |                 |       233823.04 |
 22-Jan-2016 | TO - AL BUKHARI MARINE - INE/8000716\952557   | 952557 |        20890.00 |                 |       212933.04 |
 22-Jan-2016 | TO - SHAMSUDDINANSARI - INANSARI/8000716\952  | 952562 |        39000.00 |                 |       173933.04 |
 22-Jan-2016 | TO - CLASSIC SEA FOODS - TO CTSIW CLG : 8000  | 952555 |        15130.00 |                 |       158803.04 |
 22-Jan-2016 | TO - CHISTIYASEAFO - TO CTSIW CLG : 8000716/  | 952553 |         8800.00 |                 |       150003.04 |
 27-Jan-2016 | TO - MR   DHAME VILAS SHIVAJ - TO CTSIW CLG   | 952561 |         8750.00 |                 |       141253.04 |
 28-Jan-2016 | BY CASH/0009                                  |        |                 |        40000.00 |       181253.04 |
 29-Jan-2016 | TO - MOHD SHAHID KHAN - TO CTSIW CLG : 80007  | 952552 |         4503.00 |                 |       176750.04 |
 03-Feb-2016 | TO - REAL FRESH FISH - TO CTSIW CLG : 800072  | 952565 |        37622.00 |                 |       139128.04 |
 04-Feb-2016 | TO - DHANAJI R VEER, - TO CTSIW CLG : 800072  | 952564 |        29200.00 |                 |       109928.04 |
 12-Feb-2016 | TO CASH JAISINGH M.GOSAVI                     | 952566 |         7240.00 |                 |       102688.04 |
 15-Feb-2016 | TO TR 11/01/510~11/01/000510/0002             | 952567 |         5780.00 |                 |        96908.04 |
 16-Feb-2016 | BY CASH/0009                                  |        |                 |        95000.00 |       191908.04 |
 16-Feb-2016 | TO CASH SELF                                  | 952585 |         4810.00 |                 |       187098.04 |
 16-Feb-2016 | TO CASH PRAVIN PATIL                          | 952571 |        14760.00 |                 |       172338.04 |
 16-Feb-2016 | TO - MILAN FISH TRADERS  PRO - TO CTSIW CLG   | 952569 |         7920.00 |                 |       164418.04 |
 16-Feb-2016 | TO CASH PRAVIN PATIL 952571                   |        |          100.00 |                 |       164318.04 |
 16-Feb-2016 | TO TR 11/06/264~11/06/000264/0002             | 952588 |        25950.00 |                 |       138368.04 |
 16-Feb-2016 | TO TR 10/01/9269~10/01/009269/0002            | 952583 |         3680.00 |                 |       134688.04 |
 17-Feb-2016 | BY CASH/0009                                  |        |                 |        91000.00 |       225688.04 |
 17-Feb-2016 | TO - ALI MOHAMED - TO CTSIW CLG : 8000735/AL  | 952584 |        10266.00 |                 |       215422.04 |
 17-Feb-2016 | TO - ASHOK BHIMRAO PATIL - TO CTSIW CLG : 80  | 952589 |        22000.00 |                 |       193422.04 |
 17-Feb-2016 | TO - SHRI SAI SEA FOODS - TO CTSIW CLG : 800  | 952572 |        17750.00 |                 |       175672.04 |
 17-Feb-2016 | TO - INDIA FISH CO - INDIA FISH CO/8000735\9  | 952575 |        29158.00 |                 |       146514.04 |
 17-Feb-2016 | TO - KULABA SEA FOODS - TO CTSIW CLG : 80007  | 952580 |        18725.00 |                 |       127789.04 |
 17-Feb-2016 | TO - IMRANSEAFOODSIMRAN - TO CTSIW CLG : 800  | 952576 |         6878.00 |                 |       120911.04 |
 17-Feb-2016 | TO - MOHAMMEDFAIYAZMOHAMM - TO CTSIW CLG : 8  | 952582 |         4450.00 |                 |       116461.04 |
 17-Feb-2016 | TO - MEHMOODA SULTAN PATNISU - TO CTSIW CLG   | 952570 |        10390.00 |                 |       106071.04 |
 17-Feb-2016 | TO CASH VIJAY S.DESAI                         | 952568 |         4100.00 |                 |       101971.04 |
 18-Feb-2016 | BY CASH/0009                                  |        |                 |       150000.00 |       251971.04 |
 18-Feb-2016 | TO - MEGHA SACHIN PATIL - IN PATIL/8000736\9  | 952577 |         9247.00 |                 |       242724.04 |
 18-Feb-2016 | TO - RAGHUNATHMARUTIGHARE - TO CTSIW CLG : 8  | 952578 |         7325.00 |                 |       235399.04 |
 18-Feb-2016 | TO - THREESTARSEAFOODS - TO CTSIW CLG : 8000  | 952587 |         7105.00 |                 |       228294.04 |
 18-Feb-2016 | TO - MADINA SEA FOOD - INA SEA FOOD/8000736\  | 952574 |         3170.00 |                 |       225124.04 |
 19-Feb-2016 | TO - HINDURAO VASANT GURAV - INDURAO VASANT   | 952590 |        30000.00 |                 |       195124.04 |
 19-Feb-2016 | TO - KARANFISHCOMP - TO CTSIW CLG : 8000737/  | 952573 |         4210.00 |                 |       190914.04 |
 19-Feb-2016 | TO - BALKRISHAN - TO CTSIW CLG : 8000737/BAL  | 952579 |         7325.00 |                 |       183589.04 |
 20-Feb-2016 | TO - M/SVIRAJ FISH TRADERS - TO CTSIW CLG :   | 952581 |        13865.00 |                 |       169724.04 |
 20-Feb-2016 | BY CASH/0009                                  |        |                 |       118700.00 |       288424.04 |
 20-Feb-2016 | BY CASH/0009                                  |        |                 |       150000.00 |       438424.04 |
 22-Feb-2016 | BY CASH/0009                                  |        |                 |        75000.00 |       513424.04 |
 22-Feb-2016 | TO - NASEEM ENTERPRISES - TO CTSIW CLG : 800  | 952595 |        21875.00 |                 |       491549.04 |
 22-Feb-2016 | TO - MARINE PLAZA - INE PLAZA/8000739\952594  | 952594 |         7855.00 |                 |       483694.04 |
-----------------------------------------------------------------------------------------------------------------------------

                                  MUMBAI DISTRICT CENTRAL CO-OP. BANK LTD.,0002-PALTON ROAD                                  
                           A B Shah Market,1st floor, Near Rly.Station,Masjid Bunder Mumbai 400003                           

Current Date  :18-Mar-2017                                                                                  UserId : REPORT02
Time : 15:31:48 PM                                                                                               Page :31 / 43
                                                    Statement Of Account                                                     
                                              From  01-Apr-2012  to  18-Mar-2017                                             

   Accountno :00021101000476
   Name: SHREYAS SEA FOOD SUPPLIERS
   Address :SHIV SHAKT,SHAMBHAJI NAGAR,SHIVNERI CHAWL
   ST ANTHONY RS, NR KARNATAKA HIGH SCHOOL,CHEMBUR
   MUMBAI - 400071
   Limit:0                                 INR
   Joint Holder:
=============================================================================================================================
 Trans. Date | Particulars                                   | InstNo |      Debit Amt. |     Credit Amt. |         Balance |
=============================================================================================================================
 Opening Bal |                                                                                                    483694.04 |
 22-Feb-2016 | TO TR 11/01/461~11/01/000461/0002             | 952618 |         2915.00 |                 |       480779.04 |
 23-Feb-2016 | TO - KINGFISHCOMPA - INGFISHCOMPA/8000740\95  | 952612 |         8200.00 |                 |       472579.04 |
 23-Feb-2016 | TO - MAYURSEAFOODS - TO CTSIW CLG : 8000740/  | 952599 |         8620.00 |                 |       463959.04 |
 23-Feb-2016 | TO - AMAR     RAM - TO CTSIW CLG : 8000740/A  | 952598 |         4095.00 |                 |       459864.04 |
 23-Feb-2016 | TO - ABDUL      S - TO CTSIW CLG : 8000740/A  | 952615 |        11730.00 |                 |       448134.04 |
 23-Feb-2016 | TO - AL NAZIR SEA - TO CTSIW CLG : 8000740/A  | 952606 |        13875.00 |                 |       434259.04 |
 23-Feb-2016 | TO - NATIONAL FISH COMPANY - TO CTSIW CLG :   | 952605 |         3160.00 |                 |       431099.04 |
 23-Feb-2016 | TO - NATIONAL FISH COMPANY - TO CTSIW CLG :   | 952608 |         2264.00 |                 |       428835.04 |
 23-Feb-2016 | TO - S. ALI MOHAMMAD ABBA - TO CTSIW CLG : 8  | 952613 |         7130.00 |                 |       421705.04 |
 23-Feb-2016 | TO - CHISTIYASEAFO - TO CTSIW CLG : 8000740/  | 952602 |        24125.00 |                 |       397580.04 |
 23-Feb-2016 | TO CASH SHAHAJI VEER                          | 952619 |        10000.00 |                 |       387580.04 |
 24-Feb-2016 | TO - PRADEEP  MOHAN SALUNKHE - TO CTSIW CLG   | 952604 |        11425.00 |                 |       376155.04 |
 24-Feb-2016 | TO - ANVAR FRESH FISH - TO CTSIW CLG : 80007  | 952601 |        10080.00 |                 |       366075.04 |
 24-Feb-2016 | TO - HINDURAO VASANT GURAV - INDURAO VASANT   | 952591 |        45000.00 |                 |       321075.04 |
 24-Feb-2016 | TO - HAMVI FISHERIES - TO CTSIW CLG : 800074  | 952607 |        20560.00 |                 |       300515.04 |
 24-Feb-2016 | TO - SANJARI FRESH FISH - TO CTSIW CLG : 800  | 952614 |         8150.00 |                 |       292365.04 |
 24-Feb-2016 | TO - MOHD SHAHID KHAN - TO CTSIW CLG : 80007  | 952600 |         6736.00 |                 |       285629.04 |
 24-Feb-2016 | TO - CAPITAL FISH COMPANY - TO CTSIW CLG : 8  | 952609 |        39085.00 |                 |       246544.04 |
 24-Feb-2016 | TO TR 11/01/469~11/01/000469/0002             | 952611 |         3760.00 |                 |       242784.04 |
 24-Feb-2016 | TO TR 99/02/7480~99/02/007480/0002            |        |          310.00 |                 |       242474.04 |
 25-Feb-2016 | TO - OMKAR FISH CO - TO CTSIW CLG : 8000742/  | 952622 |         4805.00 |                 |       237669.04 |
 25-Feb-2016 | TO - INDIA FISH CO - INDIA FISH CO/8000742\9  | 952617 |        10200.00 |                 |       227469.04 |
 25-Feb-2016 | TO - HINDURAO VASANT GURAV - INDURAO VASANT   | 952592 |        45000.00 |                 |       182469.04 |
 25-Feb-2016 | TO - BUKHARI FRESH FISH - TO CTSIW CLG : 800  | 952620 |        36900.00 |                 |       145569.04 |
 25-Feb-2016 | TO - REAL FRESH FISH - TO CTSIW CLG : 800074  | 952610 |        32840.00 |                 |       112729.04 |
 29-Feb-2016 | TO TR 11/01/426~11/01/000426/0002             | 952603 |        25233.00 |                 |        87496.04 |
 29-Feb-2016 | TO CHEQUEBOOK ISSUE CHARGES                   |        |          172.00 |                 |        87324.04 |
 01-Mar-2016 | BY CLG BY CLG/19065/99900711/2244/032         |  19065 |                 |        16000.00 |       103324.04 |
 01-Mar-2016 | BY CASH/0009                                  |        |                 |        34000.00 |       137324.04 |
 01-Mar-2016 | TO CASH PANJABRAO RAJARAM PATIL               | 952623 |        15120.00 |                 |       122204.04 |
 01-Mar-2016 | TO - NISARGA  ASHOK PATIL - TO CTSIW CLG : 8  | 952621 |        38405.00 |                 |        83799.04 |
 01-Mar-2016 | TO - NISARGA  ASHOK PATIL - TO CTSIW CLG : 8  | 952597 |         1954.00 |                 |        81845.04 |
 01-Mar-2016 | TO - LAXMI SEA FOOD, - TO CTSIW CLG : 800074  | 952596 |         3726.00 |                 |        78119.04 |
 04-Mar-2016 | BY CASH/0009                                  |        |                 |        54000.00 |       132119.04 |
 04-Mar-2016 | TO - HINDURAO VASANT GURAV - INDURAO VASANT   | 952593 |        10000.00 |                 |       122119.04 |
 05-Mar-2016 | BY CASH                                       |        |                 |        48000.00 |       170119.04 |
 11-Mar-2016 | BY CASH/0009                                  |        |                 |       173100.00 |       343219.04 |
 14-Mar-2016 | TO TR 10/01/9269~10/01/009269/0002            | 952642 |        14417.00 |                 |       328802.04 |
 14-Mar-2016 | TO TR 11/01/510~11/01/000510/0002             | 952646 |        12968.00 |                 |       315834.04 |
 14-Mar-2016 | TO TR 11/01/426~11/01/000426/0002             | 953860 |        29660.00 |                 |       286174.04 |
 14-Mar-2016 | TO TR 11/01/492~11/01/000492/0002             | 952647 |        14496.00 |                 |       271678.04 |
 14-Mar-2016 | TO TR 11/06/264~11/06/000264/0002             | 952638 |        34520.00 |                 |       237158.04 |
 14-Mar-2016 | BY CASH/0009                                  |        |                 |       216300.00 |       453458.04 |
 14-Mar-2016 | TO CHEQUEBOOK ISSUE CHARGES                   |        |          172.00 |                 |       453286.04 |
 15-Mar-2016 | TO - SHIRAJ HAJI - TO CTSIW CLG : 8000756/SH  | 953853 |        12166.00 |                 |       441120.04 |
 15-Mar-2016 | TO - ALI MOHAMED - TO CTSIW CLG : 8000756/AL  | 953859 |         3120.00 |                 |       438000.04 |
 15-Mar-2016 | TO - SOHAIL - TO CTSIW CLG : 8000756/SOHAIL/  | 952628 |        14980.00 |                 |       423020.04 |
 15-Mar-2016 | TO - AJIT KASHINATH PATIL - INATH PATIL/8000  | 953854 |         8420.00 |                 |       414600.04 |
-----------------------------------------------------------------------------------------------------------------------------

                                  MUMBAI DISTRICT CENTRAL CO-OP. BANK LTD.,0002-PALTON ROAD                                  
                           A B Shah Market,1st floor, Near Rly.Station,Masjid Bunder Mumbai 400003                           

Current Date  :18-Mar-2017                                                                                  UserId : REPORT02
Time : 15:31:48 PM                                                                                               Page :32 / 43
                                                    Statement Of Account                                                     
                                              From  01-Apr-2012  to  18-Mar-2017                                             

   Accountno :00021101000476
   Name: SHREYAS SEA FOOD SUPPLIERS
   Address :SHIV SHAKT,SHAMBHAJI NAGAR,SHIVNERI CHAWL
   ST ANTHONY RS, NR KARNATAKA HIGH SCHOOL,CHEMBUR
   MUMBAI - 400071
   Limit:0                                 INR
   Joint Holder:
=============================================================================================================================
 Trans. Date | Particulars                                   | InstNo |      Debit Amt. |     Credit Amt. |         Balance |
=============================================================================================================================
 Opening Bal |                                                                                                    414600.04 |
 15-Mar-2016 | TO - MOOSAUSMANSONS - TO CTSIW CLG : 8000756  | 952639 |         9060.00 |                 |       405540.04 |
 15-Mar-2016 | TO - KARANFISHCOMPANY - TO CTSIW CLG : 80007  | 952636 |         3076.00 |                 |       402464.04 |
 15-Mar-2016 | TO - KARANFISHCOMP - TO CTSIW CLG : 8000756/  | 952640 |        20028.00 |                 |       382436.04 |
 15-Mar-2016 | TO - KINGFISHCOMPA - INGFISHCOMPA/8000756\95  | 952644 |         5640.00 |                 |       376796.04 |
 15-Mar-2016 | TO - DHANAJI R VEER, - TO CTSIW CLG : 800075  | 952625 |        10500.00 |                 |       366296.04 |
 15-Mar-2016 | TO - MAYURSEAFOODS - TO CTSIW CLG : 8000756/  | 952632 |         4015.00 |                 |       362281.04 |
 15-Mar-2016 | TO - AYESHASEAFOOD - TO CTSIW CLG : 8000756/  | 952637 |        15412.00 |                 |       346869.04 |
 15-Mar-2016 | TO - ABDUL      S - TO CTSIW CLG : 8000756/A  | 953863 |        11610.00 |                 |       335259.04 |
 15-Mar-2016 | TO - ASIF  SATTAR MACHIWALA - TO CTSIW CLG :  | 952650 |         7005.00 |                 |       328254.04 |
 15-Mar-2016 | TO - AMOLSEAFOODS - TO CTSIW CLG : 8000756/A  | 952627 |         1761.00 |                 |       326493.04 |
 15-Mar-2016 | TO - RAGHUNATHMARUT - TO CTSIW CLG : 8000756  | 952648 |         8480.00 |                 |       318013.04 |
 15-Mar-2016 | TO - MADINA SEA FOOD - INA SEA FOOD/8000756\  | 953865 |        19270.00 |                 |       298743.04 |
 15-Mar-2016 | TO - CAPITAL FISH COMPANY - TO CTSIW CLG : 8  | 952641 |         9290.00 |                 |       289453.04 |
 15-Mar-2016 | TO - C P  MARINE FOODS - INE FOODS/8000756\9  | 952635 |        11525.00 |                 |       277928.04 |
 15-Mar-2016 | TO - MILAN FISH TRADERS  PRO - TO CTSIW CLG   | 953861 |         3425.00 |                 |       274503.04 |
 15-Mar-2016 | TO - OMKAR FISH CO - TO CTSIW CLG : 8000756/  | 953855 |         3715.00 |                 |       270788.04 |
 15-Mar-2016 | TO - KULABA SEA FOODS - TO CTSIW CLG : 80007  | 952643 |        12175.00 |                 |       258613.04 |
 15-Mar-2016 | TO - M/SVIRAJ FISH TRADERS - TO CTSIW CLG :   | 953856 |        34227.00 |                 |       224386.04 |
 15-Mar-2016 | TO - ALMAS FISHERIES - TO CTSIW CLG : 800075  | 953866 |         6240.00 |                 |       218146.04 |
 15-Mar-2016 | TO -  - ING :/8000756\952624                  | 952624 |        20000.00 |                 |       198146.04 |
 16-Mar-2016 | TO - CHAUHAN FAIZANRAJA NOOR - TO CTSIW CLG   | 952645 |        12780.00 |                 |       185366.04 |
 16-Mar-2016 | TO - CAPITAL FISH COMPANY - TO CTSIW CLG : 8  | 952626 |        14312.00 |                 |       171054.04 |
 16-Mar-2016 | TO - CHISTIYASEAFOOD - TO CTSIW CLG : 800075  | 952629 |         7798.00 |                 |       163256.04 |
 16-Mar-2016 | TO - YAVMIN SEA FOODS - IN SEA FOODS/8000757  | 952634 |         4200.00 |                 |       159056.04 |
 16-Mar-2016 | TO - RAMESHJAYSINGPATIL - INGPATIL/8000757\9  | 953858 |        12650.00 |                 |       146406.04 |
 17-Mar-2016 | TO - EKTA SEA FOODS, - TO CTSIW CLG : 800075  | 952649 |        33160.00 |                 |       113246.04 |
 17-Mar-2016 | TO - SHREE GANESH FISH CO - TO CTSIW CLG : 8  | 952630 |         5290.00 |                 |       107956.04 |
 18-Mar-2016 | TO - MUMBAI FISH CENTRE - TO CTSIW CLG : 800  | 953857 |         5750.00 |                 |       102206.04 |
 18-Mar-2016 | TO - SAIGANESHFISH - TO CTSIW CLG : 8000759/  | 953869 |         5315.00 |                 |        96891.04 |
 19-Mar-2016 | BY CASH/0009                                  |        |                 |        35000.00 |       131891.04 |
 19-Mar-2016 | TO - ASHOK  BHIMRAO PATIL - TO CTSIW CLG : 8  | 952633 |        15360.00 |                 |       116531.04 |
 19-Mar-2016 | TO - PRADEEP  MOHAN SALUNKHE - TO CTSIW CLG   | 953867 |        12550.00 |                 |       103981.04 |
 21-Mar-2016 | TO - INDIA FISH CO - INDIA FISH CO/8000761\9  | 953870 |         4515.00 |                 |        99466.04 |
 21-Mar-2016 | TO - NASEEM AND SONS - TO CTSIW CLG : 800076  | 953873 |         3920.00 |                 |        95546.04 |
 22-Mar-2016 | TO - K G N SEA FOODS - TO CTSIW CLG : 800076  | 953872 |         8460.00 |                 |        87086.04 |
 22-Mar-2016 | TO - RITESH KUMAR  J MACHHI - TO CTSIW CLG :  | 953868 |         9850.00 |                 |        77236.04 |
 22-Mar-2016 | TO TR 11/01/461~11/01/000461/0002             | 953871 |         5720.00 |                 |        71516.04 |
 28-Mar-2016 | BY CASH/0009                                  |        |                 |       323000.00 |       394516.04 |
 28-Mar-2016 | TO TR 11/01/472~11/01/000472/0002             | 953864 |         1570.00 |                 |       392946.04 |
 29-Mar-2016 | TO CASH SHREEPATI B SALUNKHE                  | 953879 |        68440.00 |                 |       324506.04 |
 29-Mar-2016 | BY CASH/0009                                  |        |                 |        52300.00 |       376806.04 |
 30-Mar-2016 | TO - BUKHARI FRESH FISH - TO CTSIW CLG : 800  | 953876 |        40000.00 |                 |       336806.04 |
 31-Mar-2016 | TO INCIDENTAL CHARGES                         |        |          228.00 |                 |       336578.04 |
 02-Apr-2016 | TO - CLASSIC SEA FOODS - TO CTSIW CLG : 8000  | 953878 |        46390.00 |                 |       290188.04 |
 02-Apr-2016 | TO - HAMVI FISHERIES - TO CTSIW CLG : 800076  | 953875 |        71000.00 |                 |       219188.04 |
 04-Apr-2016 | BY CASH/0009                                  |        |                 |       209000.00 |       428188.04 |
 04-Apr-2016 | TO - M/S  LANKE SEA FOODS - TO CTSIW CLG : 8  | 953874 |         8955.00 |                 |       419233.04 |
 04-Apr-2016 | TO - REAL FRESH FISH - TO CTSIW CLG : 800077  | 953877 |        31380.00 |                 |       387853.04 |
-----------------------------------------------------------------------------------------------------------------------------

                                  MUMBAI DISTRICT CENTRAL CO-OP. BANK LTD.,0002-PALTON ROAD                                  
                           A B Shah Market,1st floor, Near Rly.Station,Masjid Bunder Mumbai 400003                           

Current Date  :18-Mar-2017                                                                                  UserId : REPORT02
Time : 15:31:48 PM                                                                                               Page :33 / 43
                                                    Statement Of Account                                                     
                                              From  01-Apr-2012  to  18-Mar-2017                                             

   Accountno :00021101000476
   Name: SHREYAS SEA FOOD SUPPLIERS
   Address :SHIV SHAKT,SHAMBHAJI NAGAR,SHIVNERI CHAWL
   ST ANTHONY RS, NR KARNATAKA HIGH SCHOOL,CHEMBUR
   MUMBAI - 400071
   Limit:0                                 INR
   Joint Holder:
=============================================================================================================================
 Trans. Date | Particulars                                   | InstNo |      Debit Amt. |     Credit Amt. |         Balance |
=============================================================================================================================
 Opening Bal |                                                                                                    387853.04 |
 06-Apr-2016 | TO - MOOSAUSMANSONS - TO CTSIW CLG : 8000772  | 953880 |        21890.00 |                 |       365963.04 |
 08-Apr-2016 | TO - ASHOK BHIMRAO PATIL - TO CTSIW CLG : 80  | 953882 |        20000.00 |                 |       345963.04 |
 12-Apr-2016 | TO TR 11/01/426~11/01/000426/0002             | 953885 |        20000.00 |                 |       325963.04 |
 12-Apr-2016 | TO - BUKHARI FRESH FISH - TO CTSIW CLG : 800  | 953883 |         8100.00 |                 |       317863.04 |
 13-Apr-2016 | BY CASH/0009                                  |        |                 |       127000.00 |       444863.04 |
 13-Apr-2016 | TO - MOHAMEDESSAPATELAND - TO CTSIW CLG : 80  | 953884 |         8150.00 |                 |       436713.04 |
 16-Apr-2016 | TO TR 11/01/525~11/01/000525/0002             | 953887 |         7065.00 |                 |       429648.04 |
 16-Apr-2016 | BY CASH/0009                                  |        |                 |       100000.00 |       529648.04 |
 16-Apr-2016 | TO TR 11/06/264~11/06/000264/0002             | 953898 |        17632.00 |                 |       512016.04 |
 18-Apr-2016 | TO TR 11/01/510~11/01/000510/0002             | 953900 |         6630.00 |                 |       505386.04 |
 18-Apr-2016 | TO - DHANAJI R VEER, - TO CTSIW CLG : 800078  | 953886 |         7000.00 |                 |       498386.04 |
 18-Apr-2016 | TO - ASHARAFI FISH TRADERS - TO CTSIW CLG :   | 953897 |        15610.00 |                 |       482776.04 |
 18-Apr-2016 | TO - KULABA SEA FOODS - TO CTSIW CLG : 80007  | 953888 |        10250.00 |                 |       472526.04 |
 18-Apr-2016 | TO - MADINA SEA FOOD - INA SEA FOOD/8000780\  | 953890 |        46460.00 |                 |       426066.04 |
 18-Apr-2016 | TO - C P  MARINE FOODS - INE FOODS/8000780\9  | 953899 |         7170.00 |                 |       418896.04 |
 18-Apr-2016 | TO - KARANFISHCOMPANY - TO CTSIW CLG : 80007  | 953894 |        15690.00 |                 |       403206.04 |
 18-Apr-2016 | TO - SHIRAJ HAJI - TO CTSIW CLG : 8000780/SH  | 953889 |        15350.00 |                 |       387856.04 |
 18-Apr-2016 | TO - SHRI SIDDHIVINAYAK ASSO - INAYAK ASS/80  | 953881 |         6000.00 |                 |       381856.04 |
 19-Apr-2016 | TO - SHRI SAI SEA FOODS - TO CTSIW CLG : 800  | 953891 |        11890.00 |                 |       369966.04 |
 19-Apr-2016 | TO - CAPITAL FISH COMPANY - TO CTSIW CLG : 8  | 953896 |        21690.00 |                 |       348276.04 |
 19-Apr-2016 | TO - PATIL SACHIN BAPURAO PA - IN BAPURAO P/  | 953892 |         9150.00 |                 |       339126.04 |
 19-Apr-2016 | TO - AMOLSEAFOODS - TO CTSIW CLG : 8000781/A  | 953893 |        28615.00 |                 |       310511.04 |
 20-Apr-2016 | BY CASH                                       |        |                 |       190000.00 |       500511.04 |
 21-Apr-2016 | TO CASH RAJENDRA B MORE                       | 954174 |         4850.00 |                 |       495661.04 |
 21-Apr-2016 | TO CASH RAJENDRA B MORE                       | 954173 |        20020.00 |                 |       475641.04 |
 21-Apr-2016 | TO CASH BHARAT H DESAI                        | 954170 |        19000.00 |                 |       456641.04 |
 21-Apr-2016 | TO CASH AANJUM K MALIM                        | 954175 |         4550.00 |                 |       452091.04 |
 21-Apr-2016 | TO CASH JAYSINGH MARUTI GOSAVI                | 954169 |         4750.00 |                 |       447341.04 |
 21-Apr-2016 | TO - MOHAMEDESSAPA - TO CTSIW CLG : 8000783/  | 954155 |        13885.00 |                 |       433456.04 |
 21-Apr-2016 | TO - NAZIRFRESHFIS - TO CTSIW CLG : 8000783/  | 954151 |         5640.00 |                 |       427816.04 |
 21-Apr-2016 | TO - LUCKY - TO CTSIW CLG : 8000783/LUCKY/80  | 954167 |        10805.00 |                 |       417011.04 |
 21-Apr-2016 | TO - SHAANSEAFOODS - TO CTSIW CLG : 8000783/  | 953895 |         3180.00 |                 |       413831.04 |
 21-Apr-2016 | TO - MARINE PLAZA - INE PLAZA/8000783\954152  | 954152 |         3324.00 |                 |       410507.04 |
 21-Apr-2016 | TO - KINGFISHCOMPANY - INGFISHCOMPANY/800078  | 954160 |        12370.00 |                 |       398137.04 |
 22-Apr-2016 | TO CASH MAHAMAD                               | 954176 |         7220.00 |                 |       390917.04 |
 22-Apr-2016 | TO - REAL FRESH FISH - TO CTSIW CLG : 800078  | 954154 |        10870.00 |                 |       380047.04 |
 22-Apr-2016 | TO - OMKAR FISH CO - TO CTSIW CLG : 8000784/  | 954172 |         6095.00 |                 |       373952.04 |
 22-Apr-2016 | TO - SHELKE GAJANAN SHAMRAO - TO CTSIW CLG :  | 954171 |         5135.00 |                 |       368817.04 |
 22-Apr-2016 | TO - HAMVI FISHERIES - TO CTSIW CLG : 800078  | 954165 |        57180.00 |                 |       311637.04 |
 22-Apr-2016 | TO - BUKHARI FRESH FISH - TO CTSIW CLG : 800  | 954164 |        18454.00 |                 |       293183.04 |
 22-Apr-2016 | TO - INDIA FISH CO - INDIA FISH CO/8000784\9  | 954166 |        18737.00 |                 |       274446.04 |
 22-Apr-2016 | TO - GANESH  FISH COMPANY - TO CTSIW CLG : 8  | 954168 |         4065.00 |                 |       270381.04 |
 22-Apr-2016 | TO - MUZAMMIL SULTAN PATNI - TO CTSIW CLG :   | 954153 |         3440.00 |                 |       266941.04 |
 22-Apr-2016 | TO - RAMESHJAYSINGPATIL - INGPATIL/8000784\9  | 954158 |        12340.00 |                 |       254601.04 |
 22-Apr-2016 | TO - ABDUL      R - TO CTSIW CLG : 8000784/A  | 954159 |        29630.00 |                 |       224971.04 |
 22-Apr-2016 | TO - RAGHUNATHMARUT - TO CTSIW CLG : 8000784  | 954156 |         8485.00 |                 |       216486.04 |
 22-Apr-2016 | TO - AJMERIFRESHFI - TO CTSIW CLG : 8000784/  | 954161 |         4165.00 |                 |       212321.04 |
 22-Apr-2016 | TO TR 11/01/469~11/01/000469/0002             | 954157 |         8005.00 |                 |       204316.04 |
-----------------------------------------------------------------------------------------------------------------------------

                                  MUMBAI DISTRICT CENTRAL CO-OP. BANK LTD.,0002-PALTON ROAD                                  
                           A B Shah Market,1st floor, Near Rly.Station,Masjid Bunder Mumbai 400003                           

Current Date  :18-Mar-2017                                                                                  UserId : REPORT02
Time : 15:31:48 PM                                                                                               Page :34 / 43
                                                    Statement Of Account                                                     
                                              From  01-Apr-2012  to  18-Mar-2017                                             

   Accountno :00021101000476
   Name: SHREYAS SEA FOOD SUPPLIERS
   Address :SHIV SHAKT,SHAMBHAJI NAGAR,SHIVNERI CHAWL
   ST ANTHONY RS, NR KARNATAKA HIGH SCHOOL,CHEMBUR
   MUMBAI - 400071
   Limit:0                                 INR
   Joint Holder:
=============================================================================================================================
 Trans. Date | Particulars                                   | InstNo |      Debit Amt. |     Credit Amt. |         Balance |
=============================================================================================================================
 Opening Bal |                                                                                                    204316.04 |
 22-Apr-2016 | TO TR 11/01/469~11/01/000469/0002             | 954177 |        10775.00 |                 |       193541.04 |
 25-Apr-2016 | TO - EKTA SEA FOODS, - TO CTSIW CLG : 800078  | 954162 |         8555.00 |                 |       184986.04 |
 25-Apr-2016 | TO - ASIF SATTAR MACHIWALA - TO CTSIW CLG :   | 954163 |         3235.00 |                 |       181751.04 |
 25-Apr-2016 | TO - NASEEM AND SONS - TO CTSIW CLG : 800078  | 954180 |         5755.00 |                 |       175996.04 |
 25-Apr-2016 | TO - NASEEM AND SONS - TO CTSIW CLG : 800078  | 954178 |        50000.00 |                 |       125996.04 |
 26-Apr-2016 | TO - THREESTARSEAFOODS - TO CTSIW CLG : 8000  | 954181 |         2020.00 |                 |       123976.04 |
 26-Apr-2016 | TO - MR   DHAME VILAS SHIVAJ - TO CTSIW CLG   | 954182 |         9000.00 |                 |       114976.04 |
 27-Apr-2016 | BY CASH/0009                                  |        |                 |        25000.00 |       139976.04 |
 28-Apr-2016 | TO - MEGHA SACHIN PATIL - IN PATIL/8000788\9  | 954179 |         1860.00 |                 |       138116.04 |
 29-Apr-2016 | BY CASH/0009                                  |        |                 |        56400.00 |       194516.04 |
 30-Apr-2016 | BY CASH/0009                                  |        |                 |        50000.00 |       244516.04 |
 02-May-2016 | TO CASH GULABRAO R PATIL                      | 954186 |        36700.00 |                 |       207816.04 |
 02-May-2016 | TO CASH KRISHNA CHORGE                        | 954187 |        19357.00 |                 |       188459.04 |
 02-May-2016 | TO - DHANAJI R VEER, - TO CTSIW CLG : 800079  | 954184 |        18000.00 |                 |       170459.04 |
 02-May-2016 | TO - DHANAJI R VEER, - TO CTSIW CLG : 800079  | 954183 |        20000.00 |                 |       150459.04 |
 04-May-2016 | BY CASH/0009                                  |        |                 |       102000.00 |       252459.04 |
 05-May-2016 | BY CASH/0009                                  |        |                 |       180000.00 |       432459.04 |
 11-May-2016 | TO CASH AANJUM MALIM                          | 954188 |         4580.00 |                 |       427879.04 |
 12-May-2016 | TO CHEQUEBOOK ISSUE CHARGES                   |        |          172.00 |                 |       427707.04 |
 13-May-2016 | BY CASH                                       |        |                 |        90000.00 |       517707.04 |
 19-May-2016 | TO CASH ABUKAR SUMRA                          | 954190 |         4155.00 |                 |       513552.04 |
 19-May-2016 | BY CASH/0009                                  |        |                 |       150000.00 |       663552.04 |
 20-May-2016 | TO - ASHOK  BHIMRAO PATIL - TO CTSIW CLG : 8  | 954185 |         5550.00 |                 |       658002.04 |
 24-May-2016 | TO - MR   DHAME VILAS SHI - TO CTSIW CLG : 8  | 954191 |         8750.00 |                 |       649252.04 |
 30-May-2016 | TO CASH SURESH CHALKE                         | 954192 |         5530.00 |                 |       643722.04 |
 31-May-2016 | TO CASH AMOL SARMODE                          | 954197 |         6135.00 |                 |       637587.04 |
 31-May-2016 | TO CASH LAXMAN N. PATIL                       | 954198 |        20420.00 |                 |       617167.04 |
 01-Jun-2016 | TO TR 11/01/501~11/01/000501/0002             | 955357 |        23375.00 |                 |       593792.04 |
 01-Jun-2016 | TO - NAZIRFRESHFISH - TO CTSIW CLG : 8000815  | 954195 |         3890.00 |                 |       589902.04 |
 01-Jun-2016 | TO - MAYURSEAFOODS - TO CTSIW CLG : 8000815/  | 954200 |        13620.00 |                 |       576282.04 |
 01-Jun-2016 | TO - ALI MOHAMED - TO CTSIW CLG : 8000815/AL  | 954194 |         9870.00 |                 |       566412.04 |
 01-Jun-2016 | TO - JALINDER - INDER/8000815\954196          | 954196 |         3535.00 |                 |       562877.04 |
 01-Jun-2016 | TO - ASHOK BHIMRAO PATIL - TO CTSIW CLG : 80  | 954193 |        22000.00 |                 |       540877.04 |
 01-Jun-2016 | TO TR 11/06/264~11/06/000264/0002             | 955353 |        63005.00 |                 |       477872.04 |
 02-Jun-2016 | TO TR 11/01/510~11/01/000510/0002             | 955373 |        14320.00 |                 |       463552.04 |
 02-Jun-2016 | TO - KINGFISHCOMPA - INGFISHCOMPA/8000816\95  | 955354 |        11130.00 |                 |       452422.04 |
 02-Jun-2016 | TO - KINGFISHCOMPA - INGFISHCOMPA/8000816\95  | 955360 |         9450.00 |                 |       442972.04 |
 02-Jun-2016 | TO - ASHARAFI FISH TRADERS - TO CTSIW CLG :   | 955352 |        14525.00 |                 |       428447.04 |
 02-Jun-2016 | TO - M/SVIRAJ FISH TRADERS - TO CTSIW CLG :   | 955359 |         8850.00 |                 |       419597.04 |
 02-Jun-2016 | TO - C P  MARINE FOODS - INE FOODS/8000816\9  | 954199 |         5195.00 |                 |       414402.04 |
 02-Jun-2016 | TO - OMKAR FISH CO - TO CTSIW CLG : 8000816/  | 955356 |        14470.00 |                 |       399932.04 |
 02-Jun-2016 | BY CASH/0009                                  |        |                 |       150000.00 |       549932.04 |
 03-Jun-2016 | BY CASH/0009                                  |        |                 |       215950.00 |       765882.04 |
 03-Jun-2016 | TO CASH LAXMAN N. SATHE                       | 955372 |         9315.00 |                 |       756567.04 |
 03-Jun-2016 | TO - CAPITAL FISH COMPANY - TO CTSIW CLG : 8  | 955358 |        27850.00 |                 |       728717.04 |
 03-Jun-2016 | TO - AMOL SEA FOODS - TO CTSIW CLG : 8000817  | 955368 |        28295.00 |                 |       700422.04 |
 03-Jun-2016 | TO - AJIT KASHINATH PATIL - INATH PATIL/8000  | 955361 |        12400.00 |                 |       688022.04 |
 03-Jun-2016 | TO - MILAN FISH TRADERS  PRO - TO CTSIW CLG   | 955370 |         7350.00 |                 |       680672.04 |
-----------------------------------------------------------------------------------------------------------------------------

                                  MUMBAI DISTRICT CENTRAL CO-OP. BANK LTD.,0002-PALTON ROAD                                  
                           A B Shah Market,1st floor, Near Rly.Station,Masjid Bunder Mumbai 400003                           

Current Date  :18-Mar-2017                                                                                  UserId : REPORT02
Time : 15:31:48 PM                                                                                               Page :35 / 43
                                                    Statement Of Account                                                     
                                              From  01-Apr-2012  to  18-Mar-2017                                             

   Accountno :00021101000476
   Name: SHREYAS SEA FOOD SUPPLIERS
   Address :SHIV SHAKT,SHAMBHAJI NAGAR,SHIVNERI CHAWL
   ST ANTHONY RS, NR KARNATAKA HIGH SCHOOL,CHEMBUR
   MUMBAI - 400071
   Limit:0                                 INR
   Joint Holder:
=============================================================================================================================
 Trans. Date | Particulars                                   | InstNo |      Debit Amt. |     Credit Amt. |         Balance |
=============================================================================================================================
 Opening Bal |                                                                                                    680672.04 |
 03-Jun-2016 | TO - EKTA SEA FOODS, - TO CTSIW CLG : 800081  | 955367 |        11110.00 |                 |       669562.04 |
 03-Jun-2016 | TO - SHIRAJ HAJI - TO CTSIW CLG : 8000817/SH  | 955374 |        15210.00 |                 |       654352.04 |
 03-Jun-2016 | TO - KARANFISHCOMPANY - TO CTSIW CLG : 80008  | 955355 |        11130.00 |                 |       643222.04 |
 03-Jun-2016 | TO - RAGHUNATHMARUTIGHARE - TO CTSIW CLG : 8  | 955365 |        12180.00 |                 |       631042.04 |
 03-Jun-2016 | TO - KULABA SEA FOODS - TO CTSIW CLG : 80008  | 955366 |         4375.00 |                 |       626667.04 |
 03-Jun-2016 | TO - SHREE GANESH FISH CO - TO CTSIW CLG : 8  | 955351 |        11495.00 |                 |       615172.04 |
 03-Jun-2016 | TO - PRADEEP SEA FOODS - TO CTSIW CLG : 8000  | 955379 |        23175.00 |                 |       591997.04 |
 03-Jun-2016 | TO - REAL FRESH FISH - TO CTSIW CLG : 800081  | 955371 |        64920.00 |                 |       527077.04 |
 03-Jun-2016 | TO - NATIONAL FISH COMPANY - TO CTSIW CLG :   | 955362 |        25600.00 |                 |       501477.04 |
 04-Jun-2016 | TO TR 11/01/426~11/01/000426/0002             | 955386 |        25653.00 |                 |       475824.04 |
 04-Jun-2016 | TO - SHRI SAI SEA FOODS - TO CTSIW CLG : 800  | 955369 |        23660.00 |                 |       452164.04 |
 04-Jun-2016 | TO - CHISTIYASEAFOOD - TO CTSIW CLG : 800081  | 955377 |        15775.00 |                 |       436389.04 |
 04-Jun-2016 | TO - HAMVI FISHERIES - TO CTSIW CLG : 800081  | 955364 |        27838.00 |                 |       408551.04 |
 04-Jun-2016 | TO - AJMERIFRESHFI - TO CTSIW CLG : 8000818/  | 955380 |        17200.00 |                 |       391351.04 |
 04-Jun-2016 | TO - NASEEM AND SONS - TO CTSIW CLG : 800081  | 955381 |        35270.00 |                 |       356081.04 |
 04-Jun-2016 | TO CASH YUSUF MEMOM                           | 955363 |        24570.00 |                 |       331511.04 |
 06-Jun-2016 | TO - MOHAMEDESSAPA - TO CTSIW CLG : 8000819/  | 955378 |        22390.00 |                 |       309121.04 |
 06-Jun-2016 | TO - FARHAN MOHAMMED GOLANDA - TO CTSIW CLG   | 955384 |         7530.00 |                 |       301591.04 |
 06-Jun-2016 | TO - ABDUL - TO CTSIW CLG : 8000819/ABDUL/80  | 955385 |         9530.00 |                 |       292061.04 |
 06-Jun-2016 | TO - S ALIMOHAMED ABBA &SONS - TO CTSIW CLG   | 955382 |         6080.00 |                 |       285981.04 |
 06-Jun-2016 | TO - INDIA FISH CO - INDIA FISH CO/8000819\9  | 955383 |        13325.00 |                 |       272656.04 |
 07-Jun-2016 | TO - RAMESHJAYSING - ING/8000820\955387       | 955387 |        10990.00 |                 |       261666.04 |
 07-Jun-2016 | TO - SANSEAFOODS - TO CTSIW CLG : 8000820/SA  | 955375 |         7478.00 |                 |       254188.04 |
 07-Jun-2016 | TO - ANIL SHYAMLAL PATWA - TO CTSIW CLG : 80  | 955376 |        12770.00 |                 |       241418.04 |
 10-Jun-2016 | TO CHEQUEBOOK ISSUE CHARGES                   |        |          173.00 |                 |       241245.04 |
 14-Jun-2016 | TO - RAGHUNATHMARUTIGHARE - TO CTSIW CLG : 8  | 955388 |        50000.00 |                 |       191245.04 |
 14-Jun-2016 | TO CASH AKBAR A. SUMRA                        | 955389 |         9545.00 |                 |       181700.04 |
 15-Jun-2016 | BY CASH                                       |        |                 |       150000.00 |       331700.04 |
 15-Jun-2016 | TO - THREESTARSEAFOODS - TO CTSIW CLG : 8000  | 955390 |        15580.00 |                 |       316120.04 |
 16-Jun-2016 | BY CASH                                       |        |                 |        95000.00 |       411120.04 |
 17-Jun-2016 | BY CASH/0009                                  |        |                 |        90000.00 |       501120.04 |
 17-Jun-2016 | TO - SHIRAJ HAJI - TO CTSIW CLG : 8000828/SH  | 955395 |         4010.00 |                 |       497110.04 |
 17-Jun-2016 | TO - KARANFISHCOMP - TO CTSIW CLG : 8000828/  | 955392 |         9325.00 |                 |       487785.04 |
 18-Jun-2016 | TO CASH SHRIPATI B. SALUNKHE                  | 955397 |        92320.00 |                 |       395465.04 |
 18-Jun-2016 | BY CASH/0009                                  |        |                 |        95000.00 |       490465.04 |
 18-Jun-2016 | TO - MADINA SEA FOOD - INA SEA FOOD/8000829\  | 955394 |        35000.00 |                 |       455465.04 |
 18-Jun-2016 | TO - PRADEEP SEA FOODS - TO CTSIW CLG : 8000  | 955391 |        39750.00 |                 |       415715.04 |
 20-Jun-2016 | BY CASH/0009                                  |        |                 |        98000.00 |       513715.04 |
 20-Jun-2016 | TO CASH MANSING D MAHARUGADE                  | 956612 |        15610.00 |                 |       498105.04 |
 20-Jun-2016 | TO CASH MANSING D MAHARUGADE                  | 956618 |        10535.00 |                 |       487570.04 |
 20-Jun-2016 | TO - NASEEM AND SONS - TO CTSIW CLG : 800083  | 955400 |        43980.00 |                 |       443590.04 |
 20-Jun-2016 | TO - CLASSIC SEA FOODS - TO CTSIW CLG : 8000  | 955396 |        16170.00 |                 |       427420.04 |
 20-Jun-2016 | TO TR 11/06/264~11/06/000264/0002             | 956616 |        20860.00 |                 |       406560.04 |
 21-Jun-2016 | TO - SAIGANESHFISH - TO CTSIW CLG : 8000831/  | 956607 |        36190.00 |                 |       370370.04 |
 21-Jun-2016 | TO - SHAMSUDDINANSA - INANSA/8000831\956613   | 956613 |        11580.00 |                 |       358790.04 |
 21-Jun-2016 | TO - NAZIRFRESHFISH - TO CTSIW CLG : 8000831  | 956601 |        10690.00 |                 |       348100.04 |
 21-Jun-2016 | TO - SANSEAFOODS - TO CTSIW CLG : 8000831/SA  | 956602 |        17250.00 |                 |       330850.04 |
 21-Jun-2016 | TO - MOHAMEDESSAPATELAND - TO CTSIW CLG : 80  | 956606 |        12100.00 |                 |       318750.04 |
-----------------------------------------------------------------------------------------------------------------------------

                                  MUMBAI DISTRICT CENTRAL CO-OP. BANK LTD.,0002-PALTON ROAD                                  
                           A B Shah Market,1st floor, Near Rly.Station,Masjid Bunder Mumbai 400003                           

Current Date  :18-Mar-2017                                                                                  UserId : REPORT02
Time : 15:31:48 PM                                                                                               Page :36 / 43
                                                    Statement Of Account                                                     
                                              From  01-Apr-2012  to  18-Mar-2017                                             

   Accountno :00021101000476
   Name: SHREYAS SEA FOOD SUPPLIERS
   Address :SHIV SHAKT,SHAMBHAJI NAGAR,SHIVNERI CHAWL
   ST ANTHONY RS, NR KARNATAKA HIGH SCHOOL,CHEMBUR
   MUMBAI - 400071
   Limit:0                                 INR
   Joint Holder:
=============================================================================================================================
 Trans. Date | Particulars                                   | InstNo |      Debit Amt. |     Credit Amt. |         Balance |
=============================================================================================================================
 Opening Bal |                                                                                                    318750.04 |
 21-Jun-2016 | TO - INDIA FISH CO - INDIA FISH CO/8000831\9  | 956611 |         8910.00 |                 |       309840.04 |
 21-Jun-2016 | TO - C P  MARINE FOODS - INE FOODS/8000831\9  | 956605 |        21825.00 |                 |       288015.04 |
 21-Jun-2016 | TO - M/SVIRAJ FISH TRADERS - TO CTSIW CLG :   | 956608 |        27120.00 |                 |       260895.04 |
 21-Jun-2016 | TO - S ALIMOHAMED ABBA &SONS - TO CTSIW CLG   | 956617 |         6555.00 |                 |       254340.04 |
 21-Jun-2016 | TO - SHREE GANESH FISH CO - TO CTSIW CLG : 8  | 956604 |        16815.00 |                 |       237525.04 |
 21-Jun-2016 | TO - CHISTIYASEAFOOD - TO CTSIW CLG : 800083  | 956615 |        16356.00 |                 |       221169.04 |
 21-Jun-2016 | TO - AJMERIFRESHFISHAFZA - TO CTSIW CLG : 80  | 956614 |         3275.00 |                 |       217894.04 |
 21-Jun-2016 | TO - MAYURSEAFOODS - TO CTSIW CLG : 8000831/  | 956619 |         8875.00 |                 |       209019.04 |
 21-Jun-2016 | TO - AMOLSEAFOODS - TO CTSIW CLG : 8000831/A  | 956603 |        56440.00 |                 |       152579.04 |
 22-Jun-2016 | TO - ZOAIB SEA FOOD - TO CTSIW CLG : 8000832  | 956610 |        20720.00 |                 |       131859.04 |
 22-Jun-2016 | TO - ZOAIB SEA FOOD - TO CTSIW CLG : 8000832  | 956609 |         7020.00 |                 |       124839.04 |
 22-Jun-2016 | TO - DHANAJI R VEER - TO CTSIW CLG : 8000832  | 955399 |        40000.00 |                 |        84839.04 |
 22-Jun-2016 | TO - ASIFFISHTRADE - TO CTSIW CLG : 8000832/  | 955398 |        18540.00 |                 |        66299.04 |
 22-Jun-2016 | BY CASH/0009                                  |        |                 |        97500.00 |       163799.04 |
 23-Jun-2016 | TO TR 11/01/426~11/01/000426/0002             | 956623 |         5060.00 |                 |       158739.04 |
 23-Jun-2016 | TO - REAL FRESH FISH - TO CTSIW CLG : 800083  | 955393 |        18395.00 |                 |       140344.04 |
 23-Jun-2016 | TO TR 11/01/461~11/01/000461/0002             | 956620 |        10960.00 |                 |       129384.04 |
 23-Jun-2016 | BY CASH/0009                                  |        |                 |        12000.00 |       141384.04 |
 24-Jun-2016 | TO - ABDUL - TO CTSIW CLG : 8000834/ABDUL/80  | 956621 |         8305.00 |                 |       133079.04 |
 24-Jun-2016 | TO - KOKAN FISH - TO CTSIW CLG : 8000834/KOK  | 956622 |         6835.00 |                 |       126244.04 |
 27-Jun-2016 | BY CASH/0009                                  |        |                 |        60000.00 |       186244.04 |
 27-Jun-2016 | TO CASH BUKHARI FRESH FISH                    | 956626 |        73050.00 |                 |       113194.04 |
 29-Jun-2016 | TO - HAMVI FISHERIES - TO CTSIW CLG : 800083  | 956625 |        96020.00 |                 |        17174.04 |
 30-Jun-2016 | BY CASH/0009                                  |        |                 |        98000.00 |       115174.04 |
 01-Jul-2016 | BY CASH/0009                                  |        |                 |        98000.00 |       213174.04 |
 01-Jul-2016 | TO TR 11/06/42~11/06/000042/0002              | 956627 |        10720.00 |                 |       202454.04 |
 02-Jul-2016 | BY CASH/0009                                  |        |                 |        77000.00 |       279454.04 |
 04-Jul-2016 | TO - BALKRISHAN B THAKUR - TO CTSIW CLG : 80  | 956624 |         8180.00 |                 |       271274.04 |
 04-Jul-2016 | TO - DHANAJI R VEER - TO CTSIW CLG : 8000841  | 956628 |        37000.00 |                 |       234274.04 |
 13-Jul-2016 | TO CHEQUEBOOK ISSUE CHARGES                   |        |          173.00 |                 |       234101.04 |
 15-Jul-2016 | BY CASH/0009                                  |        |                 |        88000.00 |       322101.04 |
 16-Jul-2016 | BY CASH/0009                                  |        |                 |       113000.00 |       435101.04 |
 18-Jul-2016 | TO TR 11/01/492~11/01/000492/0002             | 956634 |         4740.00 |                 |       430361.04 |
 18-Jul-2016 | TO TR 11/01/510~11/01/000510/0002             | 956633 |        50115.00 |                 |       380246.04 |
 18-Jul-2016 | BY CASH                                       |        |                 |       120000.00 |       500246.04 |
 18-Jul-2016 | TO TR 11/06/1077~11/06/001077/0002            | 956639 |         4965.00 |                 |       495281.04 |
 18-Jul-2016 | TO TR 11/06/264~11/06/000264/0002             | 956629 |       139897.00 |                 |       355384.04 |
 19-Jul-2016 | TO - CLASSIC SEA FOODS - TO CTSIW CLG : 8000  | 956640 |        35610.00 |                 |       319774.04 |
 19-Jul-2016 | TO - MADINA SEA FOOD - INA SEA FOOD/8000853\  | 956636 |        39223.00 |                 |       280551.04 |
 19-Jul-2016 | TO - INDIA FISH CO - INDIA FISH CO/8000853\9  | 956632 |        16573.00 |                 |       263978.04 |
 19-Jul-2016 | TO - THREESTARSEAF - TO CTSIW CLG : 8000853/  | 956638 |        29596.00 |                 |       234382.04 |
 19-Jul-2016 | TO - CHAND FISH PROCESSING C - ING /8000853\  | 956637 |        19240.00 |                 |       215142.04 |
 20-Jul-2016 | TO - LUCKY - TO CTSIW CLG : 8000854/LUCKY/80  | 956641 |         4505.00 |                 |       210637.04 |
 20-Jul-2016 | TO - OMKAR FISH CO - TO CTSIW CLG : 8000854/  | 956631 |         8775.00 |                 |       201862.04 |
 20-Jul-2016 | BY CASH/0009                                  |        |                 |        98000.00 |       299862.04 |
 20-Jul-2016 | TO: ACCT MAINT CHGS LESS DED 31MAR16 - JUL-16 |        |            1.00 |                 |       299861.04 |
 21-Jul-2016 | TO - CTS CLEARING - ING/8000855\956635        | 956635 |         5050.00 |                 |       294811.04 |
 21-Jul-2016 | TO - ABDUL    SON - TO CTSIW CLG : 8000855/A  | 956643 |        57085.00 |                 |       237726.04 |
-----------------------------------------------------------------------------------------------------------------------------

                                  MUMBAI DISTRICT CENTRAL CO-OP. BANK LTD.,0002-PALTON ROAD                                  
                           A B Shah Market,1st floor, Near Rly.Station,Masjid Bunder Mumbai 400003                           

Current Date  :18-Mar-2017                                                                                  UserId : REPORT02
Time : 15:31:48 PM                                                                                               Page :37 / 43
                                                    Statement Of Account                                                     
                                              From  01-Apr-2012  to  18-Mar-2017                                             

   Accountno :00021101000476
   Name: SHREYAS SEA FOOD SUPPLIERS
   Address :SHIV SHAKT,SHAMBHAJI NAGAR,SHIVNERI CHAWL
   ST ANTHONY RS, NR KARNATAKA HIGH SCHOOL,CHEMBUR
   MUMBAI - 400071
   Limit:0                                 INR
   Joint Holder:
=============================================================================================================================
 Trans. Date | Particulars                                   | InstNo |      Debit Amt. |     Credit Amt. |         Balance |
=============================================================================================================================
 Opening Bal |                                                                                                    237726.04 |
 21-Jul-2016 | TO - NASEEM AND SONS - TO CTSIW CLG : 800085  | 956644 |        58390.00 |                 |       179336.04 |
 21-Jul-2016 | TO - SHREE GANESH FISH CO - TO CTSIW CLG : 8  | 956645 |        19480.00 |                 |       159856.04 |
 21-Jul-2016 | TO - BUKHARI FRESH FISH - TO CTSIW CLG : 800  | 956646 |        31390.00 |                 |       128466.04 |
 21-Jul-2016 | BY CASH/0009                                  |        |                 |        99000.00 |       227466.04 |
 21-Jul-2016 | TO CASH ANANDA B YADAV                        | 957206 |         5000.00 |                 |       222466.04 |
 22-Jul-2016 | TO TR 11/01/469~11/01/000469/0002             | 956649 |        11290.00 |                 |       211176.04 |
 22-Jul-2016 | TO - SHRI SAI SEA FOODS - TO CTSIW CLG : 800  | 956647 |        21855.00 |                 |       189321.04 |
 22-Jul-2016 | TO - GANESH  FISH COMPANY - TO CTSIW CLG : 8  | 957201 |        15770.00 |                 |       173551.04 |
 22-Jul-2016 | TO - AMOLSEAFOODS - TO CTSIW CLG : 8000856/A  | 957205 |        49830.00 |                 |       123721.04 |
 22-Jul-2016 | TO - SHIRAJ HAJI - TO CTSIW CLG : 8000856/SH  | 957204 |         5705.00 |                 |       118016.04 |
 22-Jul-2016 | TO - HAFIZ - TO CTSIW CLG : 8000856/HAFIZ/80  | 956650 |         6620.00 |                 |       111396.04 |
 22-Jul-2016 | TO - ASHOK - TO CTSIW CLG : 8000856/ASHOK/80  | 956630 |         8875.00 |                 |       102521.04 |
 22-Jul-2016 | BY CASH/0009                                  |        |                 |        62000.00 |       164521.04 |
 25-Jul-2016 | TO - CHISTIYASEAFO - TO CTSIW CLG : 8000857/  | 957202 |        12220.00 |                 |       152301.04 |
 25-Jul-2016 | TO - RAGHUNATHMARUTIGHARE - TO CTSIW CLG : 8  | 956648 |        13880.00 |                 |       138421.04 |
 25-Jul-2016 | TO - HAMVI FISHERIES - TO CTSIW CLG : 800085  | 956642 |        51740.00 |                 |        86681.04 |
 25-Jul-2016 | TO - PRADEEP SEA FOODS - TO CTSIW CLG : 8000  | 957203 |        32330.00 |                 |        54351.04 |
 26-Jul-2016 | TO - S ALIMOHAMED ABBA &SONS - TO CTSIW CLG   | 957207 |         7435.00 |                 |        46916.04 |
 27-Jul-2016 | BY CASH/0009                                  |        |                 |        40000.00 |        86916.04 |
 02-Aug-2016 | TO TR 11/01/426~11/01/000426/0002             | 957209 |        32095.00 |                 |        54821.04 |
 03-Aug-2016 | BY CASH/0009                                  |        |                 |        99000.00 |       153821.04 |
 03-Aug-2016 | BY CASH                                       |        |                 |        50000.00 |       203821.04 |
 03-Aug-2016 | TO - MAYURSEAFOODS - TO CTSIW CLG : 8000865/  | 957208 |        12835.00 |                 |       190986.04 |
 03-Aug-2016 | TO - MOHMEDISSAPATEL - TO CTSIW CLG : 800086  | 957210 |        19340.00 |                 |       171646.04 |
 03-Aug-2016 | TO CHEQUEBOOK ISSUE CHARGES                   |        |          173.00 |                 |       171473.04 |
 04-Aug-2016 | BY CASH/0009                                  |        |                 |        21000.00 |       192473.04 |
 04-Aug-2016 | BY TR 10/01/8502~10/01/008502/0002            |        |                 |       200000.00 |       392473.04 |
 05-Aug-2016 | TO TR 11/06/1167~11/06/001167/0002            | 957212 |        37000.00 |                 |       355473.04 |
 05-Aug-2016 | TO - IMRANSEAFOODSIMRAN - TO CTSIW CLG : 800  | 957213 |         7000.00 |                 |       348473.04 |
 09-Aug-2016 | TO - MUMBAI FISH CENTRE - TO CTSIW CLG : 800  | 957211 |        13880.00 |                 |       334593.04 |
 10-Aug-2016 | BY CASH/0009                                  |        |                 |        90000.00 |       424593.04 |
 11-Aug-2016 | TO TR 10/01/9138~10/01/009138/0002            | 957214 |        35000.00 |                 |       389593.04 |
 16-Aug-2016 | TO - SANDEEP TANAJI - TO CTSIW CLG : 8000874  | 957217 |         8040.00 |                 |       381553.04 |
 16-Aug-2016 | TO - NOOR SEAFOODS - TO CTSIW CLG : 8000874/  | 957218 |        23500.00 |                 |       358053.04 |
 16-Aug-2016 | TO - KULABA SEA FOODS - TO CTSIW CLG : 80008  | 957215 |        38150.00 |                 |       319903.04 |
 16-Aug-2016 | TO TR 11/06/1162~11/06/001162/0002            | 957220 |        40500.00 |                 |       279403.04 |
 17-Aug-2016 | TO - GAJANAN FISH - TO CTSIW CLG : 8000875/G  | 957224 |        14110.00 |                 |       265293.04 |
 17-Aug-2016 | TO - C P MARINE FOODS - INE FOODS/8000875\95  | 957226 |         9580.00 |                 |       255713.04 |
 18-Aug-2016 | TO - INDIA FISH CO - INDIA FISH CO/8000876\9  | 957223 |        10680.00 |                 |       245033.04 |
 18-Aug-2016 | TO CASH ANADA YADAV                           | 957230 |         5000.00 |                 |       240033.04 |
 19-Aug-2016 | TO - MOHAMMED SULAIMAN ANSAR - TO CTSIW CLG   | 957222 |        16814.00 |                 |       223219.04 |
 19-Aug-2016 | TO - SHREE GANESH FISH CO - TO CTSIW CLG : 8  | 957221 |        14814.00 |                 |       208405.04 |
 19-Aug-2016 | TO - SHREE GANESH FISH CO - TO CTSIW CLG : 8  | 957229 |        21651.00 |                 |       186754.04 |
 19-Aug-2016 | TO - CHAND FISH PROCESSING C - ING /8000877\  | 957227 |        26532.00 |                 |       160222.04 |
 20-Aug-2016 | TO - SHRI SAI SEA FOODS - TO CTSIW CLG : 800  | 957219 |        10310.00 |                 |       149912.04 |
 20-Aug-2016 | TO - MUMBAI FISH CENTRE - TO CTSIW CLG : 800  | 957225 |         6237.00 |                 |       143675.04 |
 22-Aug-2016 | BY CASH/0009                                  |        |                 |       120000.00 |       263675.04 |
 22-Aug-2016 | TO TR 11/01/510~11/01/000510/0002             | 957243 |         7857.00 |                 |       255818.04 |
-----------------------------------------------------------------------------------------------------------------------------

                                  MUMBAI DISTRICT CENTRAL CO-OP. BANK LTD.,0002-PALTON ROAD                                  
                           A B Shah Market,1st floor, Near Rly.Station,Masjid Bunder Mumbai 400003                           

Current Date  :18-Mar-2017                                                                                  UserId : REPORT02
Time : 15:31:48 PM                                                                                               Page :38 / 43
                                                    Statement Of Account                                                     
                                              From  01-Apr-2012  to  18-Mar-2017                                             

   Accountno :00021101000476
   Name: SHREYAS SEA FOOD SUPPLIERS
   Address :SHIV SHAKT,SHAMBHAJI NAGAR,SHIVNERI CHAWL
   ST ANTHONY RS, NR KARNATAKA HIGH SCHOOL,CHEMBUR
   MUMBAI - 400071
   Limit:0                                 INR
   Joint Holder:
=============================================================================================================================
 Trans. Date | Particulars                                   | InstNo |      Debit Amt. |     Credit Amt. |         Balance |
=============================================================================================================================
 Opening Bal |                                                                                                    255818.04 |
 22-Aug-2016 | BY CASH/0009                                  |        |                 |        95000.00 |       350818.04 |
 23-Aug-2016 | TO - KARANFISHCOMPANY - TO CTSIW CLG : 80008  | 957236 |        21263.00 |                 |       329555.04 |
 23-Aug-2016 | TO - MAHESHFISHCOMPANY - TO CTSIW CLG : 8000  | 957234 |         5325.00 |                 |       324230.04 |
 23-Aug-2016 | TO - KINGFISHCOMPA - INGFISHCOMPA/8000880\95  | 957238 |         3070.00 |                 |       321160.04 |
 23-Aug-2016 | TO - IMRANSEAFOODS - TO CTSIW CLG : 8000880/  | 957240 |        10583.00 |                 |       310577.04 |
 23-Aug-2016 | TO - BUKHARI FRESH FISH - TO CTSIW CLG : 800  | 957235 |        10311.00 |                 |       300266.04 |
 23-Aug-2016 | TO - SHAHNAWAZ NASEEM SHA - TO CTSIW CLG : 8  | 957233 |        40780.00 |                 |       259486.04 |
 23-Aug-2016 | TO - ALMAS FISHERIES - TO CTSIW CLG : 800088  | 957232 |        20676.00 |                 |       238810.04 |
 23-Aug-2016 | TO - OMKAR FISH CO - TO CTSIW CLG : 8000880/  | 957237 |        19424.00 |                 |       219386.04 |
 23-Aug-2016 | TO - MADINA SEA FOOD - INA SEA FOOD/8000880\  | 957231 |        23939.00 |                 |       195447.04 |
 24-Aug-2016 | TO - CLASSIC SEA FOODS - TO CTSIW CLG : 8000  | 957241 |        66378.00 |                 |       129069.04 |
 24-Aug-2016 | TO - SHRI SAI SEA FOODS - TO CTSIW CLG : 800  | 957242 |         7655.00 |                 |       121414.04 |
 24-Aug-2016 | BY CASH/0009                                  |        |                 |        93500.00 |       214914.04 |
 26-Aug-2016 | TO - KOKAN FISH - TO CTSIW CLG : 8000883/KOK  | 957239 |         3950.00 |                 |       210964.04 |
 29-Aug-2016 | TO - LUCKY - TO CTSIW CLG : 8000884/LUCKY/80  | 957246 |        20315.00 |                 |       190649.04 |
 30-Aug-2016 | TO - CAPITAL FISH COMPANY - TO CTSIW CLG : 8  | 957247 |        20630.00 |                 |       170019.04 |
 30-Aug-2016 | TO - AMOLSEAFOODS - TO CTSIW CLG : 8000885/A  | 957248 |        13337.00 |                 |       156682.04 |
 30-Aug-2016 | TO - ASHOK BHIMRAO PATIL - TO CTSIW CLG : 80  | 957245 |        22000.00 |                 |       134682.04 |
 31-Aug-2016 | TO CASH VITTHAL H. BHISE                      | 957250 |        11000.00 |                 |       123682.04 |
 01-Sep-2016 | BY CASH                                       |        |                 |        98000.00 |       221682.04 |
 01-Sep-2016 | BY CASH                                       |        |                 |        70000.00 |       291682.04 |
 02-Sep-2016 | TO - HINDURAO VASANT GURAV - INDURAO VASANT   | 957751 |        46000.00 |                 |       245682.04 |
 02-Sep-2016 | TO - ABDUL HAMID  ABDUL JALI - TO CTSIW CLG   | 957249 |         3720.00 |                 |       241962.04 |
 02-Sep-2016 | TO TR 11/06/1167~11/06/001167/0002            | 957753 |        27000.00 |                 |       214962.04 |
 05-Sep-2016 | TO - ABDUL      S - TO CTSIW CLG : 8000890/A  | 957754 |        78090.00 |                 |       136872.04 |
 08-Sep-2016 | TO - DHANAJIRVEER - TO CTSIW CLG : 8000893/D  | 957752 |        20000.00 |                 |       116872.04 |
 09-Sep-2016 | BY CASH                                       |        |                 |        98320.00 |       215192.04 |
 14-Sep-2016 | BY CLG BY CLG/124519/99900854/12/032          | 124519 |                 |        47000.00 |       262192.04 |
 14-Sep-2016 | TO TR 10/01/9269~10/01/009269/0002            | 957759 |         6300.00 |                 |       255892.04 |
 15-Sep-2016 | TO CASH DATTATRAY SHIBE                       | 957771 |         8010.00 |                 |       247882.04 |
 15-Sep-2016 | TO - GHIVALIKAR - TO CTSIW CLG : 8000897/GHI  | 957758 |        34570.00 |                 |       213312.04 |
 15-Sep-2016 | TO - KULABA SEA FOODS - TO CTSIW CLG : 80008  | 957757 |        16100.00 |                 |       197212.04 |
 15-Sep-2016 | TO - KARANFISHCOMP - TO CTSIW CLG : 8000897/  | 957756 |        20000.00 |                 |       177212.04 |
 15-Sep-2016 | TO - MADINA SEA FOOD - INA SEA FOOD/8000897\  | 957755 |        15575.00 |                 |       161637.04 |
 15-Sep-2016 | TO TR 02/11/06/264~11/06/000264/0002          | 957761 |        16980.00 |                 |       144657.04 |
 16-Sep-2016 | TO CASH BHIMRAO BAGAT                         | 957767 |         3345.00 |                 |       141312.04 |
 16-Sep-2016 | TO CASH ADAM KASAM                            | 957769 |         3705.00 |                 |       137607.04 |
 16-Sep-2016 | TO - C P MARINE FOODS - INE FOODS/8000898\95  | 957760 |         7355.00 |                 |       130252.04 |
 16-Sep-2016 | TO - ASIF SATTAR MACHIWALA - TO CTSIW CLG :   | 957765 |         1300.00 |                 |       128952.04 |
 16-Sep-2016 | BY TR 11/01/531~11/01/000531/0002             |        |                 |       161500.00 |       290452.04 |
 17-Sep-2016 | TO - THREESTARSEAFOODS - TO CTSIW CLG : 8000  | 957762 |        10090.00 |                 |       280362.04 |
 17-Sep-2016 | TO - CHISTIYASEAFOOD - TO CTSIW CLG : 800089  | 957763 |         9135.00 |                 |       271227.04 |
 17-Sep-2016 | TO - ASIFFISHTRADE - TO CTSIW CLG : 8000899/  | 957764 |         2485.00 |                 |       268742.04 |
 19-Sep-2016 | BY CASH/0009                                  |        |                 |        57000.00 |       325742.04 |
 19-Sep-2016 | TO - KOKAN FISH - TO CTSIW CLG : 8000900/KOK  | 957766 |         8530.00 |                 |       317212.04 |
 19-Sep-2016 | TO - SAMARTH FISH CO - TO CTSIW CLG : 800090  | 957768 |        14130.00 |                 |       303082.04 |
 20-Sep-2016 | TO - KARANFISHCOMPANY - TO CTSIW CLG : 80009  | 957772 |         9105.00 |                 |       293977.04 |
 20-Sep-2016 | TO - GANESH  FISH COMPANY - TO CTSIW CLG : 8  | 957778 |        21065.00 |                 |       272912.04 |
-----------------------------------------------------------------------------------------------------------------------------

                                  MUMBAI DISTRICT CENTRAL CO-OP. BANK LTD.,0002-PALTON ROAD                                  
                           A B Shah Market,1st floor, Near Rly.Station,Masjid Bunder Mumbai 400003                           

Current Date  :18-Mar-2017                                                                                  UserId : REPORT02
Time : 15:31:48 PM                                                                                               Page :39 / 43
                                                    Statement Of Account                                                     
                                              From  01-Apr-2012  to  18-Mar-2017                                             

   Accountno :00021101000476
   Name: SHREYAS SEA FOOD SUPPLIERS
   Address :SHIV SHAKT,SHAMBHAJI NAGAR,SHIVNERI CHAWL
   ST ANTHONY RS, NR KARNATAKA HIGH SCHOOL,CHEMBUR
   MUMBAI - 400071
   Limit:0                                 INR
   Joint Holder:
=============================================================================================================================
 Trans. Date | Particulars                                   | InstNo |      Debit Amt. |     Credit Amt. |         Balance |
=============================================================================================================================
 Opening Bal |                                                                                                    272912.04 |
 20-Sep-2016 | TO - VIRAJ FISH TRADERS - TO CTSIW CLG : 800  | 957777 |         4205.00 |                 |       268707.04 |
 20-Sep-2016 | TO - SHREE GANESH FISH CO - TO CTSIW CLG : 8  | 957776 |        24445.00 |                 |       244262.04 |
 20-Sep-2016 | TO - IMRANSEAFOODS - TO CTSIW CLG : 8000901/  | 957775 |         5540.00 |                 |       238722.04 |
 21-Sep-2016 | BY CASH/0009                                  |        |                 |        80000.00 |       318722.04 |
 21-Sep-2016 | TO - SANSEAFOODS - TO CTSIW CLG : 8000902/SA  | 957774 |        17850.00 |                 |       300872.04 |
 21-Sep-2016 | TO - LUCKY - TO CTSIW CLG : 8000902/LUCKY/80  | 957781 |         4135.00 |                 |       296737.04 |
 21-Sep-2016 | TO - KINGFISHCOMPANY - INGFISHCOMPANY/800090  | 957780 |        20755.00 |                 |       275982.04 |
 21-Sep-2016 | TO - PRADEEP SEA FOODS - TO CTSIW CLG : 8000  | 957779 |        13560.00 |                 |       262422.04 |
 22-Sep-2016 | TO - CLASSIC SEA FOODS - TO CTSIW CLG : 8000  | 957782 |        12640.00 |                 |       249782.04 |
 22-Sep-2016 | TO - K G N SEA FOODS - TO CTSIW CLG : 800090  | 957783 |        25885.00 |                 |       223897.04 |
 23-Sep-2016 | TO - JALINDER - INDER/8000904\957784          | 957784 |         5270.00 |                 |       218627.04 |
 26-Sep-2016 | TO TR 11/06/1163~11/06/001163/0002            | 957786 |         5000.00 |                 |       213627.04 |
 27-Sep-2016 | TO - SHRI SAI SEA FOODS - TO CTSIW CLG : 800  | 957773 |        13440.00 |                 |       200187.04 |
 28-Sep-2016 | TO - HAMVI FISHERIES - TO CTSIW CLG : 800090  | 957788 |        13175.00 |                 |       187012.04 |
 28-Sep-2016 | TO - REAL FRESH FISH - TO CTSIW CLG : 800090  | 957789 |        35053.00 |                 |       151959.04 |
 28-Sep-2016 | TO - NASEEM AND SONS - TO CTSIW CLG : 800090  | 957785 |         5688.00 |                 |       146271.04 |
 28-Sep-2016 | TO - CAPITAL FISH COMPANY - TO CTSIW CLG : 8  | 957787 |         5633.00 |                 |       140638.04 |
 30-Sep-2016 | TO INCIDENTAL CHARGES                         |        |          230.00 |                 |       140408.04 |
 01-Oct-2016 | BY CASH/0009                                  |        |                 |        44000.00 |       184408.04 |
 03-Oct-2016 | TO CHEQUEBOOK ISSUE CHARGES                   |        |          173.00 |                 |       184235.04 |
 05-Oct-2016 | TO TR 11/06/1167~11/06/001167/0002            | 957791 |        25000.00 |                 |       159235.04 |
 06-Oct-2016 | TO - DHANAJIRVEER - TO CTSIW CLG : 8000914/D  | 957792 |        10000.00 |                 |       149235.04 |
 10-Oct-2016 | BY CASH                                       |        |                 |        10000.00 |       159235.04 |
 13-Oct-2016 | TO CASH SAHAJI A GHORPADE                     | 957793 |        11350.00 |                 |       147885.04 |
 13-Oct-2016 | BY CLG BY CLG/124520/99900878/2688/032        | 124520 |                 |        41960.00 |       189845.04 |
 13-Oct-2016 | TO CASH DNYANKRUPA SAHAKARI PATPEDHI          | 957794 |         5000.00 |                 |       184845.04 |
 15-Oct-2016 | BY TR 10/01/8774~10/01/008774/0002            |        |                 |        55000.00 |       239845.04 |
 15-Oct-2016 | TO - PRASHANT FISH COMPANY - TO CTSIW CLG :   | 957795 |         3860.00 |                 |       235985.04 |
 15-Oct-2016 | BY CASH                                       |        |                 |        95000.00 |       330985.04 |
 17-Oct-2016 | TO CASH RAJENDRA B MORE                       | 959706 |         3480.00 |                 |       327505.04 |
 17-Oct-2016 | TO TR 11/01/492~11/01/000492/0002             | 959707 |        15675.00 |                 |       311830.04 |
 17-Oct-2016 | BY CASH                                       |        |                 |        96000.00 |       407830.04 |
 17-Oct-2016 | TO - MOOSAUSMANSONS - TO CTSIW CLG : 8000920  | 957796 |         8760.00 |                 |       399070.04 |
 17-Oct-2016 | TO TR 11/01/469~11/01/000469/0002             | 957799 |        13240.00 |                 |       385830.04 |
 17-Oct-2016 | BY CASH                                       |        |                 |        90000.00 |       475830.04 |
 18-Oct-2016 | BY CLG BY CLG/124522/99900884/2244/032        | 124522 |                 |        37165.00 |       512995.04 |
 18-Oct-2016 | TO CASH BHARAT DESAI                          | 959719 |         4090.00 |                 |       508905.04 |
 18-Oct-2016 | TO CASH MARUTI B MANE                         | 959710 |        10585.00 |                 |       498320.04 |
 18-Oct-2016 | TO CASH ROUF MEMON                            | 959723 |         7360.00 |                 |       490960.04 |
 18-Oct-2016 | TO - KINGFISHCOMPANY - INGFISHCOMPANY/800092  | 957800 |        10650.00 |                 |       480310.04 |
 18-Oct-2016 | TO - K G N SEA FOODS - TO CTSIW CLG : 800092  | 959709 |         4225.00 |                 |       476085.04 |
 18-Oct-2016 | TO - CLASSIC SEA FOODS - TO CTSIW CLG : 8000  | 959705 |        34750.00 |                 |       441335.04 |
 18-Oct-2016 | TO - MARINE PLAZA - INE PLAZA/8000921\959703  | 959703 |         6510.00 |                 |       434825.04 |
 18-Oct-2016 | TO - AMOLSEAFOODS - TO CTSIW CLG : 8000921/A  | 957798 |        20460.00 |                 |       414365.04 |
 18-Oct-2016 | TO - CHAUHAN FAIZANRAZA NOOR - TO CTSIW CLG   | 959702 |         6830.00 |                 |       407535.04 |
 18-Oct-2016 | TO - ASHARAFI FISH TRADERS - TO CTSIW CLG :   | 959701 |        23320.00 |                 |       384215.04 |
 18-Oct-2016 | TO - KOKAN FISH - TO CTSIW CLG : 8000921/KOK  | 957797 |        10550.00 |                 |       373665.04 |
 18-Oct-2016 | TO TR 11/06/264~11/06/000264/0002             | 959720 |         8365.00 |                 |       365300.04 |
-----------------------------------------------------------------------------------------------------------------------------

                                  MUMBAI DISTRICT CENTRAL CO-OP. BANK LTD.,0002-PALTON ROAD                                  
                           A B Shah Market,1st floor, Near Rly.Station,Masjid Bunder Mumbai 400003                           

Current Date  :18-Mar-2017                                                                                  UserId : REPORT02
Time : 15:31:48 PM                                                                                               Page :40 / 43
                                                    Statement Of Account                                                     
                                              From  01-Apr-2012  to  18-Mar-2017                                             

   Accountno :00021101000476
   Name: SHREYAS SEA FOOD SUPPLIERS
   Address :SHIV SHAKT,SHAMBHAJI NAGAR,SHIVNERI CHAWL
   ST ANTHONY RS, NR KARNATAKA HIGH SCHOOL,CHEMBUR
   MUMBAI - 400071
   Limit:0                                 INR
   Joint Holder:
=============================================================================================================================
 Trans. Date | Particulars                                   | InstNo |      Debit Amt. |     Credit Amt. |         Balance |
=============================================================================================================================
 Opening Bal |                                                                                                    365300.04 |
 19-Oct-2016 | TO CASH ABBU SUMRA                            | 959714 |         9250.00 |                 |       356050.04 |
 19-Oct-2016 | TO - OMKAR FISH CO - TO CTSIW CLG : 8000922/  | 959717 |        14928.00 |                 |       341122.04 |
 19-Oct-2016 | TO - PRADEEP SEA FOODS - TO CTSIW CLG : 8000  | 959712 |         7670.00 |                 |       333452.04 |
 19-Oct-2016 | TO - MUMBAI FISH CENTRE - TO CTSIW CLG : 800  | 959704 |         6590.00 |                 |       326862.04 |
 19-Oct-2016 | TO - PRAVIN FISH TRADING CO - IN FISH TRADIN  | 959716 |         3050.00 |                 |       323812.04 |
 19-Oct-2016 | TO - MAYURSEAFOODS - TO CTSIW CLG : 8000922/  | 959718 |         3180.00 |                 |       320632.04 |
 19-Oct-2016 | TO -  - ING : CTS IW CLG/8000922\959722       | 959722 |        10070.00 |                 |       310562.04 |
 19-Oct-2016 | TO CASH DINKAR K BHEDATE                      | 959708 |         7200.00 |                 |       303362.04 |
 20-Oct-2016 | TO - ABDUL     SO - TO CTSIW CLG : 8000923/A  | 959726 |         5650.00 |                 |       297712.04 |
 20-Oct-2016 | TO - LUCKY - TO CTSIW CLG : 8000923/LUCKY/80  | 959727 |         5865.00 |                 |       291847.04 |
 20-Oct-2016 | TO - INDIA FISH CO - INDIA FISH CO/8000923\9  | 959725 |        12485.00 |                 |       279362.04 |
 20-Oct-2016 | TO - SHREE GANESH FISH CO - TO CTSIW CLG : 8  | 959715 |        31448.00 |                 |       247914.04 |
 20-Oct-2016 | TO - CAPITAL FISH COMPANY - TO CTSIW CLG : 8  | 959711 |        13400.00 |                 |       234514.04 |
 20-Oct-2016 | TO - NASEEM AND SONS - TO CTSIW CLG : 800092  | 959728 |         4905.00 |                 |       229609.04 |
 21-Oct-2016 | TO - KARANFISHCOMPANY - TO CTSIW CLG : 80009  | 959713 |         8958.00 |                 |       220651.04 |
 24-Oct-2016 | BY CASH                                       |        |                 |        87000.00 |       307651.04 |
 24-Oct-2016 | TO - PRADEEP LAXMAN GHIVALIK - TO CTSIW CLG   | 959729 |         6273.00 |                 |       301378.04 |
 25-Oct-2016 | TO - MOHMEDISSAPAT - TO CTSIW CLG : 8000926/  | 959734 |        66000.00 |                 |       235378.04 |
 25-Oct-2016 | TO - MAARIYAH - TO CTSIW CLG : 8000926/MAARI  | 959731 |        25870.00 |                 |       209508.04 |
 25-Oct-2016 | TO - GAJANAN FISH - TO CTSIW CLG : 8000926/G  | 959733 |         7682.00 |                 |       201826.04 |
 26-Oct-2016 | TO - REAL FRESH FISH - TO CTSIW CLG : 800092  | 959735 |        43875.00 |                 |       157951.04 |
 26-Oct-2016 | TO - HAMVI FISHERIES - TO CTSIW CLG : 800092  | 959730 |        40185.00 |                 |       117766.04 |
 27-Oct-2016 | TO - CTS-CLEARING - ING/8000928\959721        | 959721 |         7550.00 |                 |       110216.04 |
 27-Oct-2016 | TO - CTS-CLEARING - ING/8000928\959732        | 959732 |        10420.00 |                 |        99796.04 |
 28-Oct-2016 | TO CHQ BOOK ISSUE CHARGE AMT                  |        |          207.00 |                 |        99589.04 |
 03-Nov-2016 | TO TR 11/06/1167~11/06/001167/0002            | 959737 |        20000.00 |                 |        79589.04 |
 07-Nov-2016 | TO - DIWAKAR  RAGHAVENDRA SA - TO CTSIW CLG   | 959736 |        15000.00 |                 |        64589.04 |
 10-Nov-2016 | BY CASH                                       |        |                 |        85000.00 |       149589.04 |
 10-Nov-2016 | TO TR 11/01/422~11/01/000422/0002             | 959738 |         8050.00 |                 |       141539.04 |
 11-Nov-2016 | BY CLG BY CLG/124523/99900903/1179/032        | 124523 |                 |        60000.00 |       201539.04 |
 13-Nov-2016 | TO TR 11/01/492~11/01/000492/0002             | 959744 |        13393.00 |                 |       188146.04 |
 13-Nov-2016 | TO - KARANFISHCOMP - TO CTSIW CLG : 8000943/  | 959740 |         9140.00 |                 |       179006.04 |
 13-Nov-2016 | TO - SAIGANESHFISH - TO CTSIW CLG : 8000943/  | 959742 |        10570.00 |                 |       168436.04 |
 15-Nov-2016 | TO TR 11/01/461~11/01/000461/0002             | 959741 |         6000.00 |                 |       162436.04 |
 17-Nov-2016 | BY CLG BY CLG/124525/99900909/3338/032        | 124525 |                 |       120000.00 |       282436.04 |
 18-Nov-2016 | TO TR 11/06/264~11/06/000264/0002             | 959745 |        15835.00 |                 |       266601.04 |
 19-Nov-2016 | TO - AMOLSEAFOODS - TO CTSIW CLG : 8000949/A  | 959749 |        40260.00 |                 |       226341.04 |
 19-Nov-2016 | TO - ABDUL - TO CTSIW CLG : 8000949/ABDUL/80  | 959750 |         6510.00 |                 |       219831.04 |
 19-Nov-2016 | TO - ASHOK - TO CTSIW CLG : 8000949/ASHOK/80  | 959739 |        30000.00 |                 |       189831.04 |
 19-Nov-2016 | TO - C P MARINE FOODS - INE FOODS/8000949\95  | 959746 |        11160.00 |                 |       178671.04 |
 19-Nov-2016 | TO - MADINA SEA FOOD - INA SEA FOOD/8000949\  | 959748 |        20580.00 |                 |       158091.04 |
 21-Nov-2016 | TO CASH SAHAJI VEER                           | 960260 |         5000.00 |                 |       153091.04 |
 21-Nov-2016 | TO - KULABA SEA FOODS - TO CTSIW CLG : 80009  | 959747 |         4330.00 |                 |       148761.04 |
 21-Nov-2016 | BY CLG BY CLG/691509/99900912/2414/032        | 691509 |                 |        90000.00 |       238761.04 |
 22-Nov-2016 | BY CLG BY CLG/468865/99900913/2291/032        | 468865 |                 |        45000.00 |       283761.04 |
 22-Nov-2016 | TO TR 11/01/510~11/01/000510/0002             | 960251 |        12690.00 |                 |       271071.04 |
 22-Nov-2016 | TO TR 11/01/426~11/01/000426/0002             | 960245 |        18034.00 |                 |       253037.04 |
 22-Nov-2016 | TO TR UNITED FISH TRADERS~11/01/000469/0002   | 960248 |        15850.00 |                 |       237187.04 |
-----------------------------------------------------------------------------------------------------------------------------

                                  MUMBAI DISTRICT CENTRAL CO-OP. BANK LTD.,0002-PALTON ROAD                                  
                           A B Shah Market,1st floor, Near Rly.Station,Masjid Bunder Mumbai 400003                           

Current Date  :18-Mar-2017                                                                                  UserId : REPORT02
Time : 15:31:48 PM                                                                                               Page :41 / 43
                                                    Statement Of Account                                                     
                                              From  01-Apr-2012  to  18-Mar-2017                                             

   Accountno :00021101000476
   Name: SHREYAS SEA FOOD SUPPLIERS
   Address :SHIV SHAKT,SHAMBHAJI NAGAR,SHIVNERI CHAWL
   ST ANTHONY RS, NR KARNATAKA HIGH SCHOOL,CHEMBUR
   MUMBAI - 400071
   Limit:0                                 INR
   Joint Holder:
=============================================================================================================================
 Trans. Date | Particulars                                   | InstNo |      Debit Amt. |     Credit Amt. |         Balance |
=============================================================================================================================
 Opening Bal |                                                                                                    237187.04 |
 23-Nov-2016 | BY CLG BY CLG/124529/99900914/3053/032        | 124529 |                 |        90000.00 |       327187.04 |
 23-Nov-2016 | TO - LUCKY - TO CTSIW CLG : 8000952/LUCKY/80  | 960243 |         7310.00 |                 |       319877.04 |
 23-Nov-2016 | TO - INDIA FISH CO - INDIA FISH CO/8000952\9  | 960241 |        14230.00 |                 |       305647.04 |
 24-Nov-2016 | TO CASH ABUBAKAR E.SAMRA                      | 960257 |         1980.00 |                 |       303667.04 |
 24-Nov-2016 | TO - MOOSAUSMANSON - TO CTSIW CLG : 8000953/  | 960262 |         5540.00 |                 |       298127.04 |
 24-Nov-2016 | TO - YMC SEA FOODS - TO CTSIW CLG : 8000953/  | 960242 |         6883.00 |                 |       291244.04 |
 24-Nov-2016 | TO - CAPITAL FISH COMPANY - TO CTSIW CLG : 8  | 960258 |         3280.00 |                 |       287964.04 |
 24-Nov-2016 | TO - SHRI SAI SEA FOODS - TO CTSIW CLG : 800  | 960254 |        10050.00 |                 |       277914.04 |
 24-Nov-2016 | TO - MOHMEDISSAPAT - TO CTSIW CLG : 8000953/  | 960256 |        43690.00 |                 |       234224.04 |
 24-Nov-2016 | TO - IMRANSEAFOODS - TO CTSIW CLG : 8000953/  | 960246 |         3600.00 |                 |       230624.04 |
 25-Nov-2016 | BY CLG BY CLG/468867/99900916/1975/032        | 468867 |                 |        45000.00 |       275624.04 |
 25-Nov-2016 | TO - MUMBAI FISH - TO CTSIW CLG : 8000954/MU  | 960249 |         7170.00 |                 |       268454.04 |
 25-Nov-2016 | TO - PRADEEP LAXMAN GHIVALIK - TO CTSIW CLG   | 960261 |         4435.00 |                 |       264019.04 |
 25-Nov-2016 | TO - NAIM AHMED - TO CTSIW CLG : 8000954/NAI  | 960263 |        14550.00 |                 |       249469.04 |
 28-Nov-2016 | TO - SMFISHCO - TO CTSIW CLG : 8000955/SMFIS  | 960247 |         7425.00 |                 |       242044.04 |
 28-Nov-2016 | TO TR 11/06/1167~11/06/001167/0002            | 960264 |        20000.00 |                 |       222044.04 |
 01-Dec-2016 | TO CASH VIKAS N.DHONDWAL                      | 960252 |        10310.00 |                 |       211734.04 |
 01-Dec-2016 | TO - SALMA NASIM AHMED SH - TO CTSIW CLG : 8  | 960259 |        43045.00 |                 |       168689.04 |
 01-Dec-2016 | TO - KINGFISHCOMPANY - INGFISHCOMPANY/800095  | 960266 |         1465.00 |                 |       167224.04 |
 02-Dec-2016 | TO - REAL FRESH FISH - TO CTSIW CLG : 800095  | 960267 |        21570.00 |                 |       145654.04 |
 03-Dec-2016 | TO - DHANAJIRVEER - TO CTSIW CLG : 8000960/D  | 960265 |        10000.00 |                 |       135654.04 |
 05-Dec-2016 | TO - PATIL ASHOK BHIMRAO - TO CTSIW CLG : 80  | 960250 |        21902.00 |                 |       113752.04 |
 06-Dec-2016 | TO - PATIL ASHOK BHIMRAO - TO CTSIW CLG : 80  | 960253 |        20410.00 |                 |        93342.04 |
 21-Dec-2016 | BY CLG BY CLG/124530/99900935/3149/032        | 124530 |                 |       151000.00 |       244342.04 |
 22-Dec-2016 | TO TR 99/01/1200 WRONGLY DELIVRD~99/01/001200 |        |       103000.00 |                 |       141342.04 |
 22-Dec-2016 | BY TR 11/01/531 CHQ NO-959155 WONGLY DELIVERD |        |                 |       103000.00 |       244342.04 |
 22-Dec-2016 | BY TR 11/01/531~11/01/000531/0002             |        |                 |       100000.00 |       344342.04 |
 22-Dec-2016 | TO TR 11/06/264~11/06/000264/0002             | 960269 |        29890.00 |                 |       314452.04 |
 23-Dec-2016 | BY CLG BY CLG/69224/99900937/2823/032         |  69224 |                 |        30000.00 |       344452.04 |
 23-Dec-2016 | TO - SHREE GANESH FISH CO - TO CTSIW CLG : 8  | 960276 |        10745.00 |                 |       333707.04 |
 23-Dec-2016 | TO - KINGFISHCOMPANY - INGFISHCOMPANY/800097  | 960272 |         3110.00 |                 |       330597.04 |
 23-Dec-2016 | TO - CHISTIYASEAFOOD - TO CTSIW CLG : 800097  | 960275 |        16230.00 |                 |       314367.04 |
 23-Dec-2016 | TO - AJMERIFRESHFI - TO CTSIW CLG : 8000976/  | 960277 |         4555.00 |                 |       309812.04 |
 23-Dec-2016 | TO - ALI MOHAMED - TO CTSIW CLG : 8000976/AL  | 960271 |         7000.00 |                 |       302812.04 |
 23-Dec-2016 | TO - MADINA SEA FOOD - INA SEA FOOD/8000976\  | 960278 |        42560.00 |                 |       260252.04 |
 26-Dec-2016 | BY CLG BY CLG/124531/99900938/306/032         | 124531 |                 |        48000.00 |       308252.04 |
 26-Dec-2016 | BY CLG BY CLG/124532/99900938/2416/032        | 124532 |                 |        48000.00 |       356252.04 |
 26-Dec-2016 | TO - AJMERIFRESHFI - TO CTSIW CLG : 8000977/  | 960279 |         5260.00 |                 |       350992.04 |
 26-Dec-2016 | TO - PRADEEPSEAFOODS - TO CTSIW CLG : 800097  | 960268 |        11465.00 |                 |       339527.04 |
 26-Dec-2016 | TO - SHRI SAI SEA FOODS - TO CTSIW CLG : 800  | 960273 |         6575.00 |                 |       332952.04 |
 27-Dec-2016 | TO - HAMVI FISHERIES - TO CTSIW CLG : 800097  | 960282 |        16140.00 |                 |       316812.04 |
 27-Dec-2016 | TO - CLASSIC SEA FOODS - TO CTSIW CLG : 8000  | 960280 |        12890.00 |                 |       303922.04 |
 27-Dec-2016 | TO - SHRI SAI SEA FOODS - TO CTSIW CLG : 800  | 960281 |        26180.00 |                 |       277742.04 |
 27-Dec-2016 | TO - INDIA FISH CO - INDIA FISH CO/8000978\9  | 960284 |         7750.00 |                 |       269992.04 |
 27-Dec-2016 | TO - ABDUL - TO CTSIW CLG : 8000978/ABDUL/80  | 960286 |         2875.00 |                 |       267117.04 |
 27-Dec-2016 | TO - MAYURSEAFOODS - TO CTSIW CLG : 8000978/  | 960285 |         5775.00 |                 |       261342.04 |
 27-Dec-2016 | TO - AMOLSEAFOODS - TO CTSIW CLG : 8000978/A  | 960274 |        32490.00 |                 |       228852.04 |
 28-Dec-2016 | TO TR 11/06/1163~11/06/001163/0002            | 960289 |        10000.00 |                 |       218852.04 |
-----------------------------------------------------------------------------------------------------------------------------

                                  MUMBAI DISTRICT CENTRAL CO-OP. BANK LTD.,0002-PALTON ROAD                                  
                           A B Shah Market,1st floor, Near Rly.Station,Masjid Bunder Mumbai 400003                           

Current Date  :18-Mar-2017                                                                                  UserId : REPORT02
Time : 15:31:48 PM                                                                                               Page :42 / 43
                                                    Statement Of Account                                                     
                                              From  01-Apr-2012  to  18-Mar-2017                                             

   Accountno :00021101000476
   Name: SHREYAS SEA FOOD SUPPLIERS
   Address :SHIV SHAKT,SHAMBHAJI NAGAR,SHIVNERI CHAWL
   ST ANTHONY RS, NR KARNATAKA HIGH SCHOOL,CHEMBUR
   MUMBAI - 400071
   Limit:0                                 INR
   Joint Holder:
=============================================================================================================================
 Trans. Date | Particulars                                   | InstNo |      Debit Amt. |     Credit Amt. |         Balance |
=============================================================================================================================
 Opening Bal |                                                                                                    218852.04 |
 28-Dec-2016 | TO - SIDDHIVINAYAK SEA FOODS - INAYAK SEA FO  | 960287 |         2700.00 |                 |       216152.04 |
 28-Dec-2016 | TO - MUMBAI FISH CENTRE - TO CTSIW CLG : 800  | 960283 |        14205.00 |                 |       201947.04 |
 29-Dec-2016 | TO - MOND SALIM MAND YUSUF T - TO CTSIW CLG   | 960288 |         3190.00 |                 |       198757.04 |
 31-Dec-2016 | TO CHQ BOOK ISSUE CHARGE AMT                  |        |          207.00 |                 |       198550.04 |
 04-Jan-2017 | BY CLG BY CLG/69229/99900946/2734/032         |  69229 |                 |        35000.00 |       233550.04 |
 05-Jan-2017 | BY CLG BY CLG/179529/99900947/1281/032        | 179529 |                 |         7150.00 |       240700.04 |
 05-Jan-2017 | TO - ASHOK - TO CTSIW CLG : 8000986/ASHOK/80  | 960270 |         3130.00 |                 |       237570.04 |
 05-Jan-2017 | TO - PRIYANKA  DEVENDRA THOM - TO CTSIW CLG   | 960290 |        18880.00 |                 |       218690.04 |
 07-Jan-2017 | BY CLG BY CLG/69230/99900949/133/032          |  69230 |                 |        35000.00 |       253690.04 |
 17-Jan-2017 | BY CLG BY CLG/69235/99900956/2499/032         |  69235 |                 |        36000.00 |       289690.04 |
 17-Jan-2017 | TO - MALIM NOORJAHAN ANJUM - TO CTSIW CLG :   | 960291 |        12920.00 |                 |       276770.04 |
 17-Jan-2017 | TO - JAMIL CRAB AND FISH SUP - TO CTSIW CLG   | 960292 |        33360.00 |                 |       243410.04 |
 20-Jan-2017 | TO TR 11/01/422~11/01/000422/0002             | 960295 |         2820.00 |                 |       240590.04 |
 21-Jan-2017 | TO - KING FISH COMPANY - ING FISH COMPANY/80  | 960294 |         9980.00 |                 |       230610.04 |
 21-Jan-2017 | TO - C P MARINE FOODS - INE FOODS/8000999\96  | 960293 |        18172.00 |                 |       212438.04 |
 23-Jan-2017 | TO TR 11/06/1077~11/06/001077/0002            | 960299 |        21636.00 |                 |       190802.04 |
 24-Jan-2017 | TO - GAJANANFISHCO - TO CTSIW CLG : 8001001/  | 960296 |        23250.00 |                 |       167552.04 |
 24-Jan-2017 | TO - AMOLSEAFOODS - TO CTSIW CLG : 8001001/A  | 960297 |        47330.00 |                 |       120222.04 |
 24-Jan-2017 | TO - BUKHARI FISH CENTRE - TO CTSIW CLG : 80  | 960298 |        50000.00 |                 |        70222.04 |
 25-Jan-2017 | TO - S M FISH CO - TO CTSIW CLG : 8001002/S   | 960300 |         7065.00 |                 |        63157.04 |
 25-Jan-2017 | TO PENDING CHARGES INWRET\20-OCT-2016         |        |          275.00 |                 |        62882.04 |
 25-Jan-2017 | TO PENDING CHARGES INWRET\07-JAN-2017         |        |          275.00 |                 |        62607.04 |
 27-Jan-2017 | BY CASH                                       |        |                 |        90000.00 |       152607.04 |
 30-Jan-2017 | BY CASH                                       |        |                 |       124000.00 |       276607.04 |
 31-Jan-2017 | BY CLG BY CLG/78906/99900966/3102/032         |  78906 |                 |        22000.00 |       298607.04 |
 31-Jan-2017 | TO TR 11/01/469~11/01/000469/0002             | 961720 |        24385.00 |                 |       274222.04 |
 31-Jan-2017 | TO - MOHD SALIM MOHD YUSUF T - TO CTSIW CLG   | 961714 |        10620.00 |                 |       263602.04 |
 31-Jan-2017 | TO - LUCKY - TO CTSIW CLG : 8001005/LUCKY/80  | 961713 |        13210.00 |                 |       250392.04 |
 31-Jan-2017 | TO - INDIA FISH CO - INDIA FISH CO/8001005\9  | 961715 |         3300.00 |                 |       247092.04 |
 01-Feb-2017 | TO - YAVMIN SEA FOODS - IN SEA FOODS/8001006  | 961711 |         6620.00 |                 |       240472.04 |
 01-Feb-2017 | TO - AFZAL MEHMOOD MULTANI - TO CTSIW CLG :   | 961724 |         9980.00 |                 |       230492.04 |
 01-Feb-2017 | TO - GANESH  FISH COMPANY - TO CTSIW CLG : 8  | 961722 |        22030.00 |                 |       208462.04 |
 01-Feb-2017 | TO - THREESTARSEAF - TO CTSIW CLG : 8001006/  | 961719 |         2875.00 |                 |       205587.04 |
 01-Feb-2017 | TO - ALNAZIRSEAFO - TO CTSIW CLG : 8001006/A  | 961726 |        19543.00 |                 |       186044.04 |
 01-Feb-2017 | TO - S M FISH CO - TO CTSIW CLG : 8001006/S   | 961716 |        11000.00 |                 |       175044.04 |
 02-Feb-2017 | TO - MADINA SEA FOOD - INA SEA FOOD/8001007\  | 961717 |        32310.00 |                 |       142734.04 |
 02-Feb-2017 | TO - M H FISH TRADERS - TO CTSIW CLG : 80010  | 961727 |        11520.00 |                 |       131214.04 |
 02-Feb-2017 | TO - OMKAR FISH CO - TO CTSIW CLG : 8001007/  | 961718 |         5608.00 |                 |       125606.04 |
 02-Feb-2017 | TO - SAI GANESH FISH CO - TO CTSIW CLG : 800  | 961721 |         3935.00 |                 |       121671.04 |
 02-Feb-2017 | TO - KULABA SEA FOODS - TO CTSIW CLG : 80010  | 961728 |         4110.00 |                 |       117561.04 |
 03-Feb-2017 | TO - PRAVIN FISH TRADING CO - IN FISH TRADIN  | 961734 |         5865.00 |                 |       111696.04 |
 03-Feb-2017 | TO - CAPITAL FISH COMPANY - TO CTSIW CLG : 8  | 961732 |        11856.00 |                 |        99840.04 |
 03-Feb-2017 | TO - SALMA NASIM AHMED SH - TO CTSIW CLG : 8  | 961733 |        15515.00 |                 |        84325.04 |
 04-Feb-2017 | BY CLG BY CLG/69240/99900970/2339/032         |  69240 |                 |        70000.00 |       154325.04 |
 04-Feb-2017 | BY TRANSFER11/01/531~11/01/000531/0002        |        |                 |        90000.00 |       244325.04 |
 04-Feb-2017 | TO - TAIBA FISH SUPPLIER - TO CTSIW CLG : 80  | 961723 |         1495.00 |                 |       242830.04 |
 06-Feb-2017 | BY CASH                                       |        |                 |       140000.00 |       382830.04 |
 06-Feb-2017 | TO - MAYUR SEA FOODS - TO CTSIW CLG : 800101  | 961712 |         3340.00 |                 |       379490.04 |
-----------------------------------------------------------------------------------------------------------------------------

                                  MUMBAI DISTRICT CENTRAL CO-OP. BANK LTD.,0002-PALTON ROAD                                  
                           A B Shah Market,1st floor, Near Rly.Station,Masjid Bunder Mumbai 400003                           

Current Date  :18-Mar-2017                                                                                  UserId : REPORT02
Time : 15:31:48 PM                                                                                               Page :43 / 43
                                                    Statement Of Account                                                     
                                              From  01-Apr-2012  to  18-Mar-2017                                             

   Accountno :00021101000476
   Name: SHREYAS SEA FOOD SUPPLIERS
   Address :SHIV SHAKT,SHAMBHAJI NAGAR,SHIVNERI CHAWL
   ST ANTHONY RS, NR KARNATAKA HIGH SCHOOL,CHEMBUR
   MUMBAI - 400071
   Limit:0                                 INR
   Joint Holder:
=============================================================================================================================
 Trans. Date | Particulars                                   | InstNo |      Debit Amt. |     Credit Amt. |         Balance |
=============================================================================================================================
 Opening Bal |                                                                                                    379490.04 |
 07-Feb-2017 | TO - BALKRISHAN B THAKUR - TO CTSIW CLG : 80  | 961730 |         7458.00 |                 |       372032.04 |
 07-Feb-2017 | TO - CHISTIYA SEA FOOD - TO CTSIW CLG : 8001  | 961731 |         3721.00 |                 |       368311.04 |
 09-Feb-2017 | TO - NAKUL J MACHHI - TO CTSIW CLG : 8001013  | 961729 |         2490.00 |                 |       365821.04 |
 09-Feb-2017 | TO - MAHARUGADE MANSINGH DAD - INGH DA/80010  | 961725 |         1820.00 |                 |       364001.04 |
 18-Feb-2017 | BY CASH                                       |        |                 |       100000.00 |       464001.04 |
 20-Feb-2017 | BY CLG BY CLG/93043/99900982/2203/032         |  93043 |                 |        50000.00 |       514001.04 |
 24-Feb-2017 | TO - BUKHARI FISH CENTRE - TO CTSIW CLG : 80  | 961735 |        51520.00 |                 |       462481.04 |
 24-Feb-2017 | TO - HAMVI FISHERIES - TO CTSIW CLG : 800102  | 961736 |        72000.00 |                 |       390481.04 |
 24-Feb-2017 | TO - NAZIR FRESH FISH - TO CTSIW CLG : 80010  | 961737 |        10985.00 |                 |       379496.04 |
 24-Feb-2017 | TO - THREESTARSEAF - TO CTSIW CLG : 8001025/  | 961738 |        26240.00 |                 |       353256.04 |
 28-Feb-2017 | TO - KING FISH COMPANY - ING FISH COMPANY/80  | 961684 |        11125.00 |                 |       342131.04 |
 28-Feb-2017 | TO - ABDUL      S - TO CTSIW CLG : 8001027/A  | 961685 |        26120.00 |                 |       316011.04 |
 28-Feb-2017 | TO - ALI MOHAMED - TO CTSIW CLG : 8001027/AL  | 961694 |         5800.00 |                 |       310211.04 |
 28-Feb-2017 | TO - C P MARINE FOODS - INE FOODS/8001027\96  | 961687 |        14960.00 |                 |       295251.04 |
 28-Feb-2017 | TO - REAL FRESH FISH - TO CTSIW CLG : 800102  | 961686 |        24770.00 |                 |       270481.04 |
 28-Feb-2017 | TO - MADINA SEA FOOD - INA SEA FOOD/8001027\  | 961681 |        20420.00 |                 |       250061.04 |
 01-Mar-2017 | TO - NEW SAI SEA FOOD - TO CTSIW CLG : 80010  | 961689 |         9070.00 |                 |       240991.04 |
 01-Mar-2017 | TO - OM SAI CO OP CREDIT SOC - TO CTSIW CLG   | 961691 |        10570.00 |                 |       230421.04 |
 01-Mar-2017 | TO - SHRI SAI SEA FOODS - TO CTSIW CLG : 800  | 961692 |         4685.00 |                 |       225736.04 |
 02-Mar-2017 | TO - JAMIL CRAB AND FISH SUP - TO CTSIW CLG   | 961682 |        30050.00 |                 |       195686.04 |
 03-Mar-2017 | TO - MANOJBHAI MAGANBHAI MAC - TO CTSIW CLG   | 961688 |        10465.00 |                 |       185221.04 |
 04-Mar-2017 | TO - ASHOK - TO CTSIW CLG : 8001031/ASHOK/80  | 961740 |        30050.00 |                 |       155171.04 |
 04-Mar-2017 | TO - MALIM NOORJAHAN ANJUM - TO CTSIW CLG :   | 961739 |        10980.00 |                 |       144191.04 |
 07-Mar-2017 | BY CLG BY CLG/93048/99900993/2057/032         |  93048 |                 |        65000.00 |       209191.04 |
 14-Mar-2017 | BY CLG BY CLG/124543/99900997/2574/032        | 124543 |                 |        70260.00 |       279451.04 |
 18-Mar-2017 | TO CASH JAYSINGH M. GOSAVI                    | 961695 |        10420.00 |                 |       269031.04 |
 18-Mar-2017 | BY CLG BY CLG/93055/99901001/2547/032         |  93055 |                 |        50000.00 |       319031.04 |
 Closing Bal |                                                                                                    319031.04 |
=============================================================================================================================
     Total : |                                               |        |     23012780.96 |     23226660.00 |                 |
=============================================================================================================================
 Grand Total |                                               |        |     23012780.96 |     23226660.00 |                 |
=============================================================================================================================



  1) If there is any discrepancy in the above mentioned statement kindly let us know 
     within 10 days  from the date of receipt of the statement .   
  2) This is a computerised statement , hence no signature of the officials is necessary. 
   
   
   
   * We provide SMS Banking Facility. Register your mobile number with our Branch. 
     For further details please contact our Branch. 
   
   1) Account Balance Query : 
      Type SMS like MDCC< space >BQ< space ><14 digit account No>     & send it to 9222000404 
   
   2) Last Three Transactions : 
      Type SMS like MDCC< space >MS< space ><14 digit account No>     & send it to 9222000404 
   
   3) Cheque Status Enquiry : 
      Type SMS like MDCC< space >CS< space ><14 digit account No>     & send it to 9222000404
   
   4) To Block ATM Card : 
      Type SMS CARDBLOCK from your registered mobile no. & send it to 9222000404


