                                   MUMBAI DISTRICT CENTRAL CO-OP. BANK LTD.,0030-MANKHURD                                    
 Shop No.21 & 22,Gr. Floor,'B' Wings, Bldg. No.11, Mangal Murti Complex, Ghatkpoar-Mankhurd Link Road,Mankhurd,Mumbai-400043 

Current Date  :14-Feb-2017                                                                                  UserId : REPORT30
Time : 11:07:20 AM                                                                                                Page :1 / 16
                                                    Statement Of Account                                                     
                                              From  01-Apr-2015  to  14-Feb-2017                                             

   Accountno :00301106000012
   Name: SHRI OMSAI CO OP CR SOCIETY LTD
   Address :JYOTIRLING NAGAR SHOP NO 07, SONAPUR NAGAR
   SION PANVEL HIGHWAY,MANKHURD
   MUMBAI - 400043
   Limit:0                                 INR
   Joint Holder: SHIKHRE SANTOSH RAMDAS , DOIPHODE NILAM ASHOK ,
=============================================================================================================================
 Trans. Date | Particulars                                   | InstNo |      Debit Amt. |     Credit Amt. |         Balance |
=============================================================================================================================
 Opening Bal |                                                                                                         0.00 |
 13-Aug-2015 | BY TR.54/18/06/1~18/06/000001/0054            |        |                 |         2000.00 |         2000.00 |
 17-Aug-2015 | BY TRA54/10/01/30~10/01/000030/0054           |        |                 |        20000.00 |        22000.00 |
 20-Aug-2015 | BY CASH/0054                                  |        |                 |      1200000.00 |      1222000.00 |
 21-Aug-2015 | BY TR.N C MATALE 16/13/10/254                 |        |                 |       101000.00 |      1323000.00 |
 21-Aug-2015 | BY CASH/0054                                  |        |                 |       400000.00 |      1723000.00 |
 21-Aug-2015 | TO TRANSFER 54/10/01/1840~10/01/001840/0054   | 178701 |       220000.00 |                 |      1503000.00 |
 21-Aug-2015 | TO TRANSFER 54/10/01/1833~10/01/001833/0054   | 178702 |       500000.00 |                 |      1003000.00 |
 21-Aug-2015 | TO TRANSFER 54/10/01/1834~10/01/001834/0054   | 178704 |       500000.00 |                 |       503000.00 |
 21-Aug-2015 | TO TRANSFER 54/10/01/1835~10/01/001835/0054   | 178703 |       500000.00 |                 |         3000.00 |
 22-Aug-2015 | BY CASH/0054                                  |        |                 |        50000.00 |        53000.00 |
 22-Aug-2015 | BY TRAN 54/18/06/01/SHRI OM SAI STY~18/06/    |        |                 |       285000.00 |       338000.00 |
 24-Aug-2015 | TO TR.54/10/01/1830~10/01/001830/0054         | 178705 |       300000.00 |                 |        38000.00 |
 24-Aug-2015 | BY CLG BY CLG/103691/99900570/936/032         | 103691 |                 |        50000.00 |        88000.00 |
 24-Aug-2015 | BY CLG BY CLG/221/99900570/949/032            |    221 |                 |        50000.00 |       138000.00 |
 24-Aug-2015 | BY CASH/0054                                  |        |                 |       280000.00 |       418000.00 |
 25-Aug-2015 | BY CLG BY CLG/100013/15001649/10/004          | 100013 |                 |       100000.00 |       518000.00 |
 25-Aug-2015 | BY CASH/0054                                  |        |                 |       271700.00 |       789700.00 |
 25-Aug-2015 | ToBouncing15001649/10/11 06 000012-100013     |        |       100000.00 |                 |       689700.00 |
 25-Aug-2015 | ToFUNDS INSU15001649/10/1106-100013           |        |          285.00 |                 |       689415.00 |
 27-Aug-2015 | BY CASH/0054                                  |        |                 |         2790.00 |       692205.00 |
 31-Aug-2015 | BY CASH/0054                                  |        |                 |        70000.00 |       762205.00 |
 01-Sep-2015 | BY CASH/0054                                  |        |                 |       500000.00 |      1262205.00 |
 01-Sep-2015 | BY CASH                                       |        |                 |        21000.00 |      1283205.00 |
 02-Sep-2015 | BY CLG BY CLG/49826/99900578/812/032          |  49826 |                 |        50000.00 |      1333205.00 |
 05-Sep-2015 | TO - RELIANCE INFRASTRUCTURE - INFRASTRUCTUR  | 178706 |          910.00 |                 |      1332295.00 |
 07-Sep-2015 | BY  0054/10/01/001834                         |        |                 |        10000.00 |      1342295.00 |
 07-Sep-2015 | BY  0054/10/01/001835                         |        |                 |        10000.00 |      1352295.00 |
 07-Sep-2015 | BY CASH/0054                                  |        |                 |        30000.00 |      1382295.00 |
 07-Sep-2015 | BY TRAN 54/10/01/1830/DORASWAMI~10/01/0018    |        |                 |         4000.00 |      1386295.00 |
 08-Sep-2015 | BY CASH/0054                                  |        |                 |         8400.00 |      1394695.00 |
 08-Sep-2015 | BY TRAN54/10/01/1830~10/01/001830/0054        |        |                 |         2700.00 |      1397395.00 |
 09-Sep-2015 | BY  0054/10/01/001833                         |        |                 |        10000.00 |      1407395.00 |
 09-Sep-2015 | BY TRA54/10/01/1834 10/01/1835~10/01/001834/0 |        |                 |         4000.00 |      1411395.00 |
 10-Sep-2015 | BY CASH/0054                                  |        |                 |        37000.00 |      1448395.00 |
 10-Sep-2015 | TO TRANS 54/10/01/1483 INGALE VINOD~10/01/001 | 178710 |       350000.00 |                 |      1098395.00 |
 10-Sep-2015 | BY CASH/0054                                  |        |                 |        20000.00 |      1118395.00 |
 11-Sep-2015 | TO TRA 54/60/10/21/SHRI OM SAI STY~60/10/0000 | 178709 |       100000.00 |                 |      1018395.00 |
 14-Sep-2015 | TO - PERFECT INFOTECH - INFOTECH/8000616\178  | 178707 |        16050.00 |                 |      1002345.00 |
 14-Sep-2015 | TO - PERFECT INFOTECH - INFOTECH/8000616\178  | 178708 |        16495.00 |                 |       985850.00 |
 14-Sep-2015 | BY CASH/0054                                  |        |                 |        65500.00 |      1051350.00 |
 15-Sep-2015 | BY CLG BY CLG/84/99900588/1892/032            |     84 |                 |       800000.00 |      1851350.00 |
 15-Sep-2015 | BY CASH/0054                                  |        |                 |        28260.00 |      1879610.00 |
 15-Sep-2015 | TO TRAN 54/10/01/1845/SURYAVANSHI S S~10/01/0 | 178712 |       100000.00 |                 |      1779610.00 |
 15-Sep-2015 | BY CASH/0054                                  |        |                 |        19000.00 |      1798610.00 |
 16-Sep-2015 | BY CLG BY CLG/100038/99900589/2131/032        | 100038 |                 |       235000.00 |      2033610.00 |
 19-Sep-2015 | BY CASH/0054                                  |        |                 |        28340.00 |      2061950.00 |
 21-Sep-2015 | BY CASH/0054                                  |        |                 |        12290.00 |      2074240.00 |
 23-Sep-2015 | TO CASH GHUMARE SUREKHA VISHNU/0054           | 178714 |        70000.00 |                 |      2004240.00 |
-----------------------------------------------------------------------------------------------------------------------------

                                   MUMBAI DISTRICT CENTRAL CO-OP. BANK LTD.,0030-MANKHURD                                    
 Shop No.21 & 22,Gr. Floor,'B' Wings, Bldg. No.11, Mangal Murti Complex, Ghatkpoar-Mankhurd Link Road,Mankhurd,Mumbai-400043 

Current Date  :14-Feb-2017                                                                                  UserId : REPORT30
Time : 11:07:20 AM                                                                                                Page :2 / 16
                                                    Statement Of Account                                                     
                                              From  01-Apr-2015  to  14-Feb-2017                                             

   Accountno :00301106000012
   Name: SHRI OMSAI CO OP CR SOCIETY LTD
   Address :JYOTIRLING NAGAR SHOP NO 07, SONAPUR NAGAR
   SION PANVEL HIGHWAY,MANKHURD
   MUMBAI - 400043
   Limit:0                                 INR
   Joint Holder: SHIKHRE SANTOSH RAMDAS , DOIPHODE NILAM ASHOK ,
=============================================================================================================================
 Trans. Date | Particulars                                   | InstNo |      Debit Amt. |     Credit Amt. |         Balance |
=============================================================================================================================
 Opening Bal |                                                                                                   2004240.00 |
 23-Sep-2015 | BY CASH/0054                                  |        |                 |        16200.00 |      2020440.00 |
 23-Sep-2015 | BY CASH/0054                                  |        |                 |        70000.00 |      2090440.00 |
 24-Sep-2015 | TO CASH MOHARRAM ALI GAREEBE SHAIKH           | 178715 |        50000.00 |                 |      2040440.00 |
 24-Sep-2015 | BY CASH/0054                                  |        |                 |        25000.00 |      2065440.00 |
 24-Sep-2015 | TO TRAN 54/10/01/1847/JAISWAL M D~10/01/00184 | 178716 |       300000.00 |                 |      1765440.00 |
 28-Sep-2015 | TO TRA54/10/01/1844~10/01/001844/0054         | 178717 |       220000.00 |                 |      1545440.00 |
 28-Sep-2015 | BY CASH/0054                                  |        |                 |        20000.00 |      1565440.00 |
 28-Sep-2015 | BY CASH                                       |        |                 |        55000.00 |      1620440.00 |
 29-Sep-2015 | BY CASH                                       |        |                 |        40000.00 |      1660440.00 |
 30-Sep-2015 | TO CASH KOLEKAR SURESH A/0054                 | 178713 |        20000.00 |                 |      1640440.00 |
 30-Sep-2015 | BY CASH/0054                                  |        |                 |        20000.00 |      1660440.00 |
 30-Sep-2015 | TO INCIDENTAL CHARGES                         |        |          228.00 |                 |      1660212.00 |
 03-Oct-2015 | BY  0054/10/01/001830                         |        |                 |         7000.00 |      1667212.00 |
 03-Oct-2015 | BY CASH                                       |        |                 |        40000.00 |      1707212.00 |
 05-Oct-2015 | BY CASH                                       |        |                 |        20000.00 |      1727212.00 |
 06-Oct-2015 | BY CLG BY CLG/333565/99900602/579/032         | 333565 |                 |       100000.00 |      1827212.00 |
 07-Oct-2015 | BY CASH/0054                                  |        |                 |        24700.00 |      1851912.00 |
 07-Oct-2015 | TO CASH ACHALA MIRAJGAONKAR/0054              | 178718 |        30000.00 |                 |      1821912.00 |
 07-Oct-2015 | BY CASH                                       |        |                 |        30000.00 |      1851912.00 |
 07-Oct-2015 | BY CASH/0054                                  |        |                 |        30000.00 |      1881912.00 |
 08-Oct-2015 | BY  0054/10/01/001835                         |        |                 |        10000.00 |      1891912.00 |
 08-Oct-2015 | BY CASH/0054                                  |        |                 |         4660.00 |      1896572.00 |
 09-Oct-2015 | BY  0054/10/01/001833                         |        |                 |        10000.00 |      1906572.00 |
 09-Oct-2015 | BY  0054/10/01/001834                         |        |                 |        10000.00 |      1916572.00 |
 09-Oct-2015 | BY CASH/0054                                  |        |                 |      2500000.00 |      4416572.00 |
 09-Oct-2015 | BY TR54/10/01/1833 1834 1835~10/01/001833/005 |        |                 |         6000.00 |      4422572.00 |
 12-Oct-2015 | BY CASH/0054                                  |        |                 |       138000.00 |      4560572.00 |
 13-Oct-2015 | BY CASH                                       |        |                 |        32200.00 |      4592772.00 |
 15-Oct-2015 | TO TRA60/12/208 60/12/209 60/12/210 60/12/211 | 178719 |      2500000.00 |                 |      2092772.00 |
 15-Oct-2015 | BY CASH                                       |        |                 |        34000.00 |      2126772.00 |
 21-Oct-2015 | TO CASH AALAM I BHAT                          | 178720 |        20000.00 |                 |      2106772.00 |
 21-Oct-2015 | BY CASH                                       |        |                 |        20000.00 |      2126772.00 |
 21-Oct-2015 | BY CASH                                       |        |                 |        12000.00 |      2138772.00 |
 26-Oct-2015 | BY CASH                                       |        |                 |        55000.00 |      2193772.00 |
 29-Oct-2015 | BY CASH                                       |        |                 |        50000.00 |      2243772.00 |
 02-Nov-2015 | TO CASH UMESH PUJARI                          | 178721 |        30000.00 |                 |      2213772.00 |
 02-Nov-2015 | BY CASH                                       |        |                 |        30000.00 |      2243772.00 |
 03-Nov-2015 | TO CASH SELF                                  | 178723 |        60000.00 |                 |      2183772.00 |
 03-Nov-2015 | BY CASH                                       |        |                 |        30000.00 |      2213772.00 |
 04-Nov-2015 | TO CASH SANTOSHKUMAR RAJESH PANDEY            | 178724 |        50000.00 |                 |      2163772.00 |
 05-Nov-2015 | BY CASH                                       |        |                 |        40000.00 |      2203772.00 |
 05-Nov-2015 | TO CASH YOGESH V GHUMARE/0054                 | 178725 |       327180.00 |                 |      1876592.00 |
 07-Nov-2015 | BY CLG BY CLG/1381/99900627/1794/032          |   1381 |                 |        20902.00 |      1897494.00 |
 07-Nov-2015 | BY CASH/0054                                  |        |                 |        21000.00 |      1918494.00 |
 10-Nov-2015 | TO - RELIANCE INFRASTRUCTURE - INFRASTRUCTUR  | 178722 |         6490.00 |                 |      1912004.00 |
 11-Nov-2015 | BY  0054/10/01/001833                         |        |                 |        10000.00 |      1922004.00 |
 11-Nov-2015 | BY  0054/10/01/001834                         |        |                 |        10000.00 |      1932004.00 |
 11-Nov-2015 | BY  0054/10/01/001835                         |        |                 |        10000.00 |      1942004.00 |
-----------------------------------------------------------------------------------------------------------------------------

                                   MUMBAI DISTRICT CENTRAL CO-OP. BANK LTD.,0030-MANKHURD                                    
 Shop No.21 & 22,Gr. Floor,'B' Wings, Bldg. No.11, Mangal Murti Complex, Ghatkpoar-Mankhurd Link Road,Mankhurd,Mumbai-400043 

Current Date  :14-Feb-2017                                                                                  UserId : REPORT30
Time : 11:07:20 AM                                                                                                Page :3 / 16
                                                    Statement Of Account                                                     
                                              From  01-Apr-2015  to  14-Feb-2017                                             

   Accountno :00301106000012
   Name: SHRI OMSAI CO OP CR SOCIETY LTD
   Address :JYOTIRLING NAGAR SHOP NO 07, SONAPUR NAGAR
   SION PANVEL HIGHWAY,MANKHURD
   MUMBAI - 400043
   Limit:0                                 INR
   Joint Holder: SHIKHRE SANTOSH RAMDAS , DOIPHODE NILAM ASHOK ,
=============================================================================================================================
 Trans. Date | Particulars                                   | InstNo |      Debit Amt. |     Credit Amt. |         Balance |
=============================================================================================================================
 Opening Bal |                                                                                                   1942004.00 |
 16-Nov-2015 | BY CASH/0054                                  |        |                 |        72000.00 |      2014004.00 |
 17-Nov-2015 | BY CASH/0054                                  |        |                 |        47650.00 |      2061654.00 |
 17-Nov-2015 | TO TRA54/10/01/1859 NANHAKU R BHARDWAJ~10/01/ | 178726 |       400000.00 |                 |      1661654.00 |
 17-Nov-2015 | TO TRA54/10/01/1860 MANOJKUMAR C MORYA~10/01/ | 178727 |       500000.00 |                 |      1161654.00 |
 17-Nov-2015 | BY CASH/0054                                  |        |                 |        91520.00 |      1253174.00 |
 18-Nov-2015 | TO TRANSFER SHREE OM SAI 54/18/06/01~18/06/00 | 178728 |       700000.00 |                 |       553174.00 |
 18-Nov-2015 | BY CASH/0054                                  |        |                 |        13455.00 |       566629.00 |
 19-Nov-2015 | TO TRA54/10/01/30 AMOL A CHAVAN~10/01/000030/ | 178729 |        20500.00 |                 |       546129.00 |
 19-Nov-2015 | TO TRANS 54/10/01/1858 SONKAR VIJAY~10/01/001 | 178730 |       500000.00 |                 |        46129.00 |
 19-Nov-2015 | BY CASH/0054                                  |        |                 |        30000.00 |        76129.00 |
 19-Nov-2015 | BY CASH/0054                                  |        |                 |        13000.00 |        89129.00 |
 23-Nov-2015 | BY CASH/0054                                  |        |                 |        40000.00 |       129129.00 |
 23-Nov-2015 | BY TRA54/10/01/1834 PARMAR H R~10/01/00183    |        |                 |         2000.00 |       131129.00 |
 23-Nov-2015 | BY TRA54/10/01/1833 JAWALE V S~10/01/00183    |        |                 |         2000.00 |       133129.00 |
 23-Nov-2015 | BY TRA54/10/01/1835 CHHAPRIYA N S~10/01/00    |        |                 |         2000.00 |       135129.00 |
 24-Nov-2015 | BY CASH/0054                                  |        |                 |        28400.00 |       163529.00 |
 24-Nov-2015 | BY CASH/0054                                  |        |                 |        40000.00 |       203529.00 |
 24-Nov-2015 | TO TRAN 10/01/1861 RAVISHANKAR GUPTA~10/01/00 | 178731 |       200000.00 |                 |         3529.00 |
 26-Nov-2015 | BY CASH/0054                                  |        |                 |         2500.00 |         6029.00 |
 26-Nov-2015 | BY TRANSFER SHRI OM SAI 54/18/06/01~18/06/    |        |                 |        24000.00 |        30029.00 |
 30-Nov-2015 | BY CASH/0054                                  |        |                 |        20000.00 |        50029.00 |
 30-Nov-2015 | BY CASH/0054                                  |        |                 |        30300.00 |        80329.00 |
 02-Dec-2015 | BY CASH/0054                                  |        |                 |        42120.00 |       122449.00 |
 05-Dec-2015 | BY  0054/10/01/001830                         |        |                 |         7000.00 |       129449.00 |
 05-Dec-2015 | BY  0054/10/01/001833                         |        |                 |        12000.00 |       141449.00 |
 05-Dec-2015 | BY  0054/10/01/001835                         |        |                 |        12000.00 |       153449.00 |
 05-Dec-2015 | BY CASH/0054                                  |        |                 |        43000.00 |       196449.00 |
 07-Dec-2015 | BY  0054/10/01/001834                         |        |                 |        12000.00 |       208449.00 |
 08-Dec-2015 | BY CASH/0054                                  |        |                 |        50000.00 |       258449.00 |
 09-Dec-2015 | BY CLG BY CLG/1419/99900649/1824/032          |   1419 |                 |        30606.00 |       289055.00 |
 10-Dec-2015 | BY CASH/0054                                  |        |                 |        17500.00 |       306555.00 |
 14-Dec-2015 | TO CASH  SITA CHAUHAN/0054                    | 178733 |        15000.00 |                 |       291555.00 |
 14-Dec-2015 | BY CASH/0054                                  |        |                 |        15000.00 |       306555.00 |
 14-Dec-2015 | BY CASH/0054                                  |        |                 |        44550.00 |       351105.00 |
 14-Dec-2015 | TO CASH SELF- SANTOSHKUMAR RAJESG PANDEY/0054 | 178734 |       100000.00 |                 |       251105.00 |
 14-Dec-2015 | TO CASH RIYAJUDDIN CHAUDHARI/0054             | 178735 |        50000.00 |                 |       201105.00 |
 14-Dec-2015 | BY CASH/0054                                  |        |                 |        19370.00 |       220475.00 |
 14-Dec-2015 | BY CASH/0054                                  |        |                 |        14000.00 |       234475.00 |
 16-Dec-2015 | BY CASH/0054                                  |        |                 |        27280.00 |       261755.00 |
 17-Dec-2015 | BY CASH/0054                                  |        |                 |        30000.00 |       291755.00 |
 19-Dec-2015 | TO - RELIANCE INFRASTRUCTURE - INFRASTRUCTUR  | 178736 |         3320.00 |                 |       288435.00 |
 19-Dec-2015 | BY CASH/0054                                  |        |                 |        25000.00 |       313435.00 |
 21-Dec-2015 | BY CASH/0054                                  |        |                 |        30000.00 |       343435.00 |
 23-Dec-2015 | BY CASH/0054                                  |        |                 |        35000.00 |       378435.00 |
 28-Dec-2015 | BY CASH/0054                                  |        |                 |        30000.00 |       408435.00 |
 29-Dec-2015 | BY CASH                                       |        |                 |        70000.00 |       478435.00 |
 31-Dec-2015 | TO TRANSFER KULKARNI PRASHANT~10/01/001868/00 | 178738 |       200000.00 |                 |       278435.00 |
 31-Dec-2015 | TO TRANSFER VIJAYAKUMARI SHANKARLAL JINWAL~10 | 178737 |       150000.00 |                 |       128435.00 |
-----------------------------------------------------------------------------------------------------------------------------

                                   MUMBAI DISTRICT CENTRAL CO-OP. BANK LTD.,0030-MANKHURD                                    
 Shop No.21 & 22,Gr. Floor,'B' Wings, Bldg. No.11, Mangal Murti Complex, Ghatkpoar-Mankhurd Link Road,Mankhurd,Mumbai-400043 

Current Date  :14-Feb-2017                                                                                  UserId : REPORT30
Time : 11:07:20 AM                                                                                                Page :4 / 16
                                                    Statement Of Account                                                     
                                              From  01-Apr-2015  to  14-Feb-2017                                             

   Accountno :00301106000012
   Name: SHRI OMSAI CO OP CR SOCIETY LTD
   Address :JYOTIRLING NAGAR SHOP NO 07, SONAPUR NAGAR
   SION PANVEL HIGHWAY,MANKHURD
   MUMBAI - 400043
   Limit:0                                 INR
   Joint Holder: SHIKHRE SANTOSH RAMDAS , DOIPHODE NILAM ASHOK ,
=============================================================================================================================
 Trans. Date | Particulars                                   | InstNo |      Debit Amt. |     Credit Amt. |         Balance |
=============================================================================================================================
 Opening Bal |                                                                                                    128435.00 |
 02-Jan-2016 | BY CASH/0054                                  |        |                 |        70000.00 |       198435.00 |
 02-Jan-2016 | BY CASH/0054                                  |        |                 |        40000.00 |       238435.00 |
 04-Jan-2016 | BY CASH/0054                                  |        |                 |        12000.00 |       250435.00 |
 04-Jan-2016 | BY TRANSFER10/01/1830~10/01/001830/0054       |        |                 |        10000.00 |       260435.00 |
 06-Jan-2016 | BY CASH/0054                                  |        |                 |        26590.00 |       287025.00 |
 07-Jan-2016 | BY  0054/10/01/001833                         |        |                 |        12000.00 |       299025.00 |
 07-Jan-2016 | BY  0054/10/01/001834                         |        |                 |        12000.00 |       311025.00 |
 07-Jan-2016 | BY  0054/10/01/001835                         |        |                 |        12000.00 |       323025.00 |
 07-Jan-2016 | BY CASH/0054                                  |        |                 |        22500.00 |       345525.00 |
 08-Jan-2016 | BY CLG BY CLG/1441/99900671/1557/032          |   1441 |                 |        19009.00 |       364534.00 |
 08-Jan-2016 | BY CLG BY CLG/1458/99900671/1863/032          |   1458 |                 |        32163.00 |       396697.00 |
 08-Jan-2016 | BY CASH/0054                                  |        |                 |        29000.00 |       425697.00 |
 11-Jan-2016 | BY CASH/0054                                  |        |                 |        20000.00 |       445697.00 |
 11-Jan-2016 | SHABANA H SAJYYAD/0054                        | 178739 |        50000.00 |                 |       395697.00 |
 11-Jan-2016 | TO TRANSFER10/01/1871 ABID ALI~10/01/001871/0 | 178740 |       275000.00 |                 |       120697.00 |
 12-Jan-2016 | BY CLG BY CLG/1460/99900673/1898/032          |   1460 |                 |         3614.00 |       124311.00 |
 12-Jan-2016 | BY CASH/0054                                  |        |                 |         7900.00 |       132211.00 |
 12-Jan-2016 | YOGESH V GHUMRE/0054                          | 178741 |        30000.00 |                 |       102211.00 |
 12-Jan-2016 | BY CASH/0054                                  |        |                 |        15000.00 |       117211.00 |
 16-Jan-2016 | BY CASH/0054                                  |        |                 |        40300.00 |       157511.00 |
 18-Jan-2016 | BY CASH/0054                                  |        |                 |        53000.00 |       210511.00 |
 20-Jan-2016 | BY CASH/0054                                  |        |                 |        20000.00 |       230511.00 |
 22-Jan-2016 | BY CASH/0054                                  |        |                 |        11000.00 |       241511.00 |
 25-Jan-2016 | BY CASH                                       |        |                 |        50000.00 |       291511.00 |
 27-Jan-2016 | TO CASH GUPTA RAMNATH B                       | 178742 |        60000.00 |                 |       231511.00 |
 27-Jan-2016 | BY CASH                                       |        |                 |        40000.00 |       271511.00 |
 29-Jan-2016 | BY CASH/0054                                  |        |                 |         1640.00 |       273151.00 |
 29-Jan-2016 | BY CASH/0054                                  |        |                 |        26000.00 |       299151.00 |
 30-Jan-2016 | BY CASH/0054                                  |        |                 |        44300.00 |       343451.00 |
 01-Feb-2016 | TO - RELIANCE INFRASTRUCTURE - INFRASTRUCTUR  | 178743 |         3940.00 |                 |       339511.00 |
 01-Feb-2016 | BY CASH/0018                                  |        |                 |        35000.00 |       374511.00 |
 02-Feb-2016 | BY CASH/0054                                  |        |                 |         3790.00 |       378301.00 |
 03-Feb-2016 | BY CASH/0054                                  |        |                 |         3510.00 |       381811.00 |
 03-Feb-2016 | BY CASH/0054                                  |        |                 |        20000.00 |       401811.00 |
 04-Feb-2016 | BY CASH/0054                                  |        |                 |         3460.00 |       405271.00 |
 04-Feb-2016 | BY CLG BY CLG/1479/99900691/1882/032          |   1479 |                 |        21029.00 |       426300.00 |
 04-Feb-2016 | BY CASH/0018                                  |        |                 |        13500.00 |       439800.00 |
 05-Feb-2016 | BY CASH/0054                                  |        |                 |         3390.00 |       443190.00 |
 05-Feb-2016 | BY CASH/0054                                  |        |                 |        20000.00 |       463190.00 |
 08-Feb-2016 | BY CLG BY CLG/1499/99900694/1855/032          |   1499 |                 |        41781.00 |       504971.00 |
 08-Feb-2016 | BY CASH/0054                                  |        |                 |         3800.00 |       508771.00 |
 08-Feb-2016 | BY CASH/0054                                  |        |                 |         8000.00 |       516771.00 |
 08-Feb-2016 | BY CASH/0018                                  |        |                 |        45000.00 |       561771.00 |
 08-Feb-2016 | BY CASH/0054                                  |        |                 |         4690.00 |       566461.00 |
 09-Feb-2016 | BY  0054/10/01/001835                         |        |                 |        12000.00 |       578461.00 |
 09-Feb-2016 | TO TR PARMAR AND JAWLE~10/01/001833/0054      |        |                 |        24000.00 |       602461.00 |
 10-Feb-2016 | BY CASH/0054                                  |        |                 |        15530.00 |       617991.00 |
 11-Feb-2016 | TO CASH BHUSHAN YADHAV/0054                   | 178747 |        29250.00 |                 |       588741.00 |
-----------------------------------------------------------------------------------------------------------------------------

                                   MUMBAI DISTRICT CENTRAL CO-OP. BANK LTD.,0030-MANKHURD                                    
 Shop No.21 & 22,Gr. Floor,'B' Wings, Bldg. No.11, Mangal Murti Complex, Ghatkpoar-Mankhurd Link Road,Mankhurd,Mumbai-400043 

Current Date  :14-Feb-2017                                                                                  UserId : REPORT30
Time : 11:07:20 AM                                                                                                Page :5 / 16
                                                    Statement Of Account                                                     
                                              From  01-Apr-2015  to  14-Feb-2017                                             

   Accountno :00301106000012
   Name: SHRI OMSAI CO OP CR SOCIETY LTD
   Address :JYOTIRLING NAGAR SHOP NO 07, SONAPUR NAGAR
   SION PANVEL HIGHWAY,MANKHURD
   MUMBAI - 400043
   Limit:0                                 INR
   Joint Holder: SHIKHRE SANTOSH RAMDAS , DOIPHODE NILAM ASHOK ,
=============================================================================================================================
 Trans. Date | Particulars                                   | InstNo |      Debit Amt. |     Credit Amt. |         Balance |
=============================================================================================================================
 Opening Bal |                                                                                                    588741.00 |
 12-Feb-2016 | BY CASH/0054                                  |        |                 |         4550.00 |       593291.00 |
 12-Feb-2016 | BY CASH/0054                                  |        |                 |         3050.00 |       596341.00 |
 15-Feb-2016 | TO CASH SITA M CHAVAN/0054                    | 178749 |        30000.00 |                 |       566341.00 |
 15-Feb-2016 | BY CASH/0054                                  |        |                 |        75000.00 |       641341.00 |
 15-Feb-2016 | BY CASH                                       |        |                 |        32000.00 |       673341.00 |
 16-Feb-2016 | BY CASH/0054                                  |        |                 |         9400.00 |       682741.00 |
 16-Feb-2016 | BY CASH/0054                                  |        |                 |        20000.00 |       702741.00 |
 17-Feb-2016 | BY CASH/0054                                  |        |                 |         4800.00 |       707541.00 |
 18-Feb-2016 | BY CASH/0054                                  |        |                 |         3200.00 |       710741.00 |
 18-Feb-2016 | BY CASH/0054                                  |        |                 |        16500.00 |       727241.00 |
 20-Feb-2016 | BY CASH                                       |        |                 |        27000.00 |       754241.00 |
 23-Feb-2016 | BY CASH/0054                                  |        |                 |        20000.00 |       774241.00 |
 25-Feb-2016 | TO CASH NADKUMAR BABURAO JADHAV/0054          | 178744 |       170000.00 |                 |       604241.00 |
 25-Feb-2016 | BY CASH/0054                                  |        |                 |         1150.00 |       605391.00 |
 25-Feb-2016 | BY CASH/0054                                  |        |                 |         5000.00 |       610391.00 |
 25-Feb-2016 | BY CASH/0054                                  |        |                 |         2800.00 |       613191.00 |
 26-Feb-2016 | TO CASH CHANDRKANT M JADHAV/0054              | 185253 |        51365.00 |                 |       561826.00 |
 26-Feb-2016 | TO CASH KAMRUDDIN ABDULLA KHAN/0054           | 178748 |       200000.00 |                 |       361826.00 |
 29-Feb-2016 | BY CASH/0054                                  |        |                 |        60000.00 |       421826.00 |
 29-Feb-2016 | BY CASH/0054                                  |        |                 |        40000.00 |       461826.00 |
 29-Feb-2016 | TO CASH RANGRAO BALANKU MAGDUM/0054           | 185222 |        21575.00 |                 |       440251.00 |
 29-Feb-2016 | BY CASH/0054                                  |        |                 |        21575.00 |       461826.00 |
 02-Mar-2016 | TO CASH R N JAISWAL/0054                      | 185225 |       182620.00 |                 |       279206.00 |
 02-Mar-2016 | TO CASH  MOHANLAL/0054                        | 185223 |        50390.00 |                 |       228816.00 |
 02-Mar-2016 | TO CSH R H GUPTA/0054                         | 185226 |        29130.00 |                 |       199686.00 |
 02-Mar-2016 | BY CASH/0054                                  |        |                 |        29130.00 |       228816.00 |
 03-Mar-2016 | BY CLG BY CLG/1520/99900713/1938/032          |   1520 |                 |        25449.00 |       254265.00 |
 04-Mar-2016 | TO CASH AMARSINGH RAJPUROHIT/0054             | 185228 |        54285.00 |                 |       199980.00 |
 04-Mar-2016 | TO RAVINDRA C SHINDE/0054                     | 178746 |       160000.00 |                 |        39980.00 |
 05-Mar-2016 | BY  0054/10/01/001830                         |        |                 |         7000.00 |        46980.00 |
 05-Mar-2016 | BY  0054/10/01/001830                         |        |                 |         7000.00 |        53980.00 |
 05-Mar-2016 | BY TRA54/11/06/01 SHRRE OM SAI CO OP CR ST    |        |                 |        20000.00 |        73980.00 |
 05-Mar-2016 | TO CASH SUREAHCHNDRA GUPTA/0054               | 185227 |        30204.00 |                 |        43776.00 |
 05-Mar-2016 | BY CASH/0054                                  |        |                 |        30204.00 |        73980.00 |
 05-Mar-2016 | TO CASH BHIMRAO D GHERADE/0054                | 185229 |        59028.00 |                 |        14952.00 |
 09-Mar-2016 | BY CLG BY CLG/1535/99900717/1955/032          |   1535 |                 |        41317.00 |        56269.00 |
 09-Mar-2016 | BY TR 18/06/1 SHREE OM SAI COOP CR STY~18/    |        |                 |        50000.00 |       106269.00 |
 09-Mar-2016 | TO CASH A B MAGDUM/0054                       | 185231 |        19307.00 |                 |        86962.00 |
 09-Mar-2016 | TO CASH S H GUPTA/0054                        | 185230 |        36918.00 |                 |        50044.00 |
 09-Mar-2016 | BY CASH/0054                                  |        |                 |         5000.00 |        55044.00 |
 09-Mar-2016 | BY CASH/0054                                  |        |                 |        56225.00 |       111269.00 |
 09-Mar-2016 | TO CASH R H GUPTA/0054                        | 185232 |        35000.00 |                 |        76269.00 |
 09-Mar-2016 | BY TR 10/01/1835,10/01/1834 CHAPRIYA,& PARMA~ |        |                 |        24000.00 |       100269.00 |
 10-Mar-2016 | BY CASH/0054                                  |        |                 |       450000.00 |       550269.00 |
 11-Mar-2016 | BY  0054/10/01/001833                         |        |                 |        12000.00 |       562269.00 |
 11-Mar-2016 | TO CASH BHUSHAN M YADAV/0054                  | 185257 |        29250.00 |                 |       533019.00 |
 14-Mar-2016 | BY TR54/10/01/1833JAWALE VISHWAS S~10/01/0    |        |                 |        12000.00 |       545019.00 |
 15-Mar-2016 | TO CASH VIJAYKUMARI S J/0054                  | 185233 |        50000.00 |                 |       495019.00 |
-----------------------------------------------------------------------------------------------------------------------------

                                   MUMBAI DISTRICT CENTRAL CO-OP. BANK LTD.,0030-MANKHURD                                    
 Shop No.21 & 22,Gr. Floor,'B' Wings, Bldg. No.11, Mangal Murti Complex, Ghatkpoar-Mankhurd Link Road,Mankhurd,Mumbai-400043 

Current Date  :14-Feb-2017                                                                                  UserId : REPORT30
Time : 11:07:20 AM                                                                                                Page :6 / 16
                                                    Statement Of Account                                                     
                                              From  01-Apr-2015  to  14-Feb-2017                                             

   Accountno :00301106000012
   Name: SHRI OMSAI CO OP CR SOCIETY LTD
   Address :JYOTIRLING NAGAR SHOP NO 07, SONAPUR NAGAR
   SION PANVEL HIGHWAY,MANKHURD
   MUMBAI - 400043
   Limit:0                                 INR
   Joint Holder: SHIKHRE SANTOSH RAMDAS , DOIPHODE NILAM ASHOK ,
=============================================================================================================================
 Trans. Date | Particulars                                   | InstNo |      Debit Amt. |     Credit Amt. |         Balance |
=============================================================================================================================
 Opening Bal |                                                                                                    495019.00 |
 15-Mar-2016 | BY CASH/0054                                  |        |                 |        50000.00 |       545019.00 |
 16-Mar-2016 | BY CASH/0054                                  |        |                 |        11640.00 |       556659.00 |
 16-Mar-2016 | BY CASH/0054                                  |        |                 |        10000.00 |       566659.00 |
 17-Mar-2016 | BY CASH/0054                                  |        |                 |         3800.00 |       570459.00 |
 17-Mar-2016 | TO CASH AVADHUT R RAJ/0054                    | 185280 |        75000.00 |                 |       495459.00 |
 17-Mar-2016 | TO CASH NAVABMIYA SHAIKH/0054                 | 185251 |       230000.00 |                 |       265459.00 |
 18-Mar-2016 | TO CASH PINTU P SINHA/0054                    | 185234 |        20895.00 |                 |       244564.00 |
 18-Mar-2016 | BY CASH/0054                                  |        |                 |        20895.00 |       265459.00 |
 18-Mar-2016 | BY CASH/0054                                  |        |                 |         2600.00 |       268059.00 |
 18-Mar-2016 | BY CASH/0054                                  |        |                 |         2450.00 |       270509.00 |
 18-Mar-2016 | TO CASH SANJU DEVI PRAKASH YADAV/0054         | 185236 |        18275.00 |                 |       252234.00 |
 18-Mar-2016 | TO CASH KANHAIYALAL M SHARMA/0054             | 185235 |        14330.00 |                 |       237904.00 |
 19-Mar-2016 | BY CASH/0054                                  |        |                 |         2220.00 |       240124.00 |
 21-Mar-2016 | BY CASH/0054                                  |        |                 |        30360.00 |       270484.00 |
 22-Mar-2016 | TO CASH MANJAY S JAISWAL/0054                 | 185237 |        18376.00 |                 |       252108.00 |
 22-Mar-2016 | BY CASH/0054                                  |        |                 |        18376.00 |       270484.00 |
 22-Mar-2016 | BY CASH/0054                                  |        |                 |         5000.00 |       275484.00 |
 22-Mar-2016 | BY TRANSFER54/18/06/01 SHRI OM SAI~18/06/0    |        |                 |       170000.00 |       445484.00 |
 22-Mar-2016 | TO CASH ATK AHMAD ANSARI/0054                 | 185256 |       200000.00 |                 |       245484.00 |
 22-Mar-2016 | TO CASH IMRAN I SHAIKH/0054                   | 185281 |       170000.00 |                 |        75484.00 |
 22-Mar-2016 | BY CASH/0054                                  |        |                 |         3820.00 |        79304.00 |
 23-Mar-2016 | BY TR 18/06/1 SHRI OM SAI COOP CR STY~18/0    |        |                 |       500000.00 |       579304.00 |
 23-Mar-2016 | TO CASH FAYAZUDDIN SABIR ANSARI/0054          | 185252 |       220000.00 |                 |       359304.00 |
 23-Mar-2016 | TO CASH VICKY P SHEDGE/0054                   | 185255 |       100000.00 |                 |       259304.00 |
 23-Mar-2016 | TO CASH ARJUN R PATIL/0054                    | 185287 |       220000.00 |                 |        39304.00 |
 28-Mar-2016 | BY CASH/0054                                  |        |                 |        50000.00 |        89304.00 |
 28-Mar-2016 | BY CASH                                       |        |                 |        54700.00 |       144004.00 |
 29-Mar-2016 | BY TR 54/18/06/1 SHREE OM SAI COOP CR STY~    |        |                 |       540000.00 |       684004.00 |
 29-Mar-2016 | TO CASH AKGAM ALI SAHA ALAM/0054              | 185264 |       220000.00 |                 |       464004.00 |
 29-Mar-2016 | TO CASH ABDUL GAYYUM/0054                     | 185265 |       230000.00 |                 |       234004.00 |
 29-Mar-2016 | TO CASH RAMESH B ZADALU/0054                  | 185266 |       230000.00 |                 |         4004.00 |
 29-Mar-2016 | BY CASH/0054                                  |        |                 |        20000.00 |        24004.00 |
 29-Mar-2016 | BY CASH/0054                                  |        |                 |         6280.00 |        30284.00 |
 30-Mar-2016 | BY CASH/0054                                  |        |                 |        27000.00 |        57284.00 |
 31-Mar-2016 | TO - RELIANCE INFRASTRUCTURE - INFRASTRUCTUR  | 185288 |         2000.00 |                 |        55284.00 |
 31-Mar-2016 | TO INCIDENTAL CHARGES                         |        |          228.00 |                 |        55056.00 |
 31-Mar-2016 | BY CASH                                       |        |                 |        40500.00 |        95556.00 |
 31-Mar-2016 | TO TR 18/06/2 SHREE OM SAI COOP CR STY~18/06/ | 185290 |        90000.00 |                 |         5556.00 |
 02-Apr-2016 | BY TRANSFER18/06/1 SHREE OM SAI COOP CR ST    |        |                 |       100000.00 |       105556.00 |
 02-Apr-2016 | TO CASH MOHAMMAD MANNAN RAZZAQ/0054           | 185240 |        49085.00 |                 |        56471.00 |
 02-Apr-2016 | TO CASH RAVISHANKAR GUPTA/0054                | 185238 |        14000.00 |                 |        42471.00 |
 02-Apr-2016 | TO CASH RAZAUDDIN KHAN/0054                   | 185239 |        36920.00 |                 |         5551.00 |
 04-Apr-2016 | BY TR 54/18/06/1 SHREE OM SAI COOP CR STY~    |        |                 |       700000.00 |       705551.00 |
 04-Apr-2016 | TO CASH YASH SANJAY NOGWADE/0054              | 185241 |        21650.00 |                 |       683901.00 |
 04-Apr-2016 | TO CASH NAVASEELAM T NADAR/0054               | 185272 |       220000.00 |                 |       463901.00 |
 04-Apr-2016 | TO CASH MOHAMMAD SALIM ROSHAN KHAN/0054       | 185259 |       220000.00 |                 |       243901.00 |
 04-Apr-2016 | TO CASH VIJAY NANDULAL KHAIRNAR/0054          | 185274 |       220000.00 |                 |        23901.00 |
 05-Apr-2016 | BY  0054/10/01/001830                         |        |                 |         7000.00 |        30901.00 |
-----------------------------------------------------------------------------------------------------------------------------

                                   MUMBAI DISTRICT CENTRAL CO-OP. BANK LTD.,0030-MANKHURD                                    
 Shop No.21 & 22,Gr. Floor,'B' Wings, Bldg. No.11, Mangal Murti Complex, Ghatkpoar-Mankhurd Link Road,Mankhurd,Mumbai-400043 

Current Date  :14-Feb-2017                                                                                  UserId : REPORT30
Time : 11:07:20 AM                                                                                                Page :7 / 16
                                                    Statement Of Account                                                     
                                              From  01-Apr-2015  to  14-Feb-2017                                             

   Accountno :00301106000012
   Name: SHRI OMSAI CO OP CR SOCIETY LTD
   Address :JYOTIRLING NAGAR SHOP NO 07, SONAPUR NAGAR
   SION PANVEL HIGHWAY,MANKHURD
   MUMBAI - 400043
   Limit:0                                 INR
   Joint Holder: SHIKHRE SANTOSH RAMDAS , DOIPHODE NILAM ASHOK ,
=============================================================================================================================
 Trans. Date | Particulars                                   | InstNo |      Debit Amt. |     Credit Amt. |         Balance |
=============================================================================================================================
 Opening Bal |                                                                                                     30901.00 |
 05-Apr-2016 | BY  0054/10/01/001830                         |        |                 |         7000.00 |        37901.00 |
 05-Apr-2016 | BY TR 18/08/1 SHREE OM SAI COOP CR STY LTD    |        |                 |       490000.00 |       527901.00 |
 05-Apr-2016 | TO CASH UMARAIL D SHAIKN/0054                 | 185276 |       220000.00 |                 |       307901.00 |
 05-Apr-2016 | TO CASH MOHMMAD K M USMAN SHAIKH/0054         | 185258 |       220000.00 |                 |        87901.00 |
 06-Apr-2016 | TO CASH GEETADEVI KANHAIYALAL GUPTA           | 185291 |        50000.00 |                 |        37901.00 |
 06-Apr-2016 | BY CLG BY CLG/1553/99900736/1888/032          |   1553 |                 |        24729.00 |        62630.00 |
 06-Apr-2016 | BY CASH/0054                                  |        |                 |         5030.00 |        67660.00 |
 06-Apr-2016 | BY CASH/0054                                  |        |                 |         3650.00 |        71310.00 |
 08-Apr-2016 | BY  0054/10/01/001835                         |        |                 |        12000.00 |        83310.00 |
 08-Apr-2016 | BY CLG BY CLG/1567/99900738/1230/032          |   1567 |                 |        41851.00 |       125161.00 |
 11-Apr-2016 | TO CASH BHUSHAN M YADAV/0054                  | 185292 |        29250.00 |                 |        95911.00 |
 11-Apr-2016 | TO CASH PANNALAL S GAUD/0054                  | 185293 |        50000.00 |                 |        45911.00 |
 11-Apr-2016 | TO TR 18/06/1 SHREE OM SAI COOP~18/06/0000    |        |                 |       435000.00 |       480911.00 |
 11-Apr-2016 | TO CASH MUNNA B RAIN/0054                     | 185263 |       230000.00 |                 |       250911.00 |
 11-Apr-2016 | TO CASH MOMIN A SHMSHUDDIN/0054               | 185262 |       230000.00 |                 |        20911.00 |
 11-Apr-2016 | BY CASH/0054                                  |        |                 |        20000.00 |        40911.00 |
 11-Apr-2016 | BY TR 18/06/1 SHREE OM SAI COOP CR STY~18/    |        |                 |       500000.00 |       540911.00 |
 11-Apr-2016 | TO CASH SUREAH A KOLEKAR/0054                 | 185294 |       100000.00 |                 |       440911.00 |
 11-Apr-2016 | BY CASH/0054                                  |        |                 |       100000.00 |       540911.00 |
 11-Apr-2016 | TO CASH RAHUL G ROKADE/0054                   | 185295 |       158706.00 |                 |       382205.00 |
 11-Apr-2016 | TO CASH RAHUL G ROKDE/0054                    | 185296 |       158706.00 |                 |       223499.00 |
 11-Apr-2016 | TO CASH KRISHNA D ROKADE/0054                 | 185297 |        52902.00 |                 |       170597.00 |
 11-Apr-2016 | TO CASH KRISHNA D ROKADE/0054                 | 185298 |       158706.00 |                 |        11891.00 |
 12-Apr-2016 | BY  0054/10/01/001834                         |        |                 |        12000.00 |        23891.00 |
 13-Apr-2016 | BY  0054/10/01/001833                         |        |                 |        12000.00 |        35891.00 |
 13-Apr-2016 | BY TRA54/11/06/12 SHREE OM SAI CR STY~18/0    |        |                 |       220000.00 |       255891.00 |
 13-Apr-2016 | TO CASH IQBAL A DAWARE/0054                   | 185279 |       180000.00 |                 |        75891.00 |
 13-Apr-2016 | TO CASH VIJAYKUMARI S JINWAL/0054             | 185242 |        70000.00 |                 |         5891.00 |
 16-Apr-2016 | BY CASH/0054                                  |        |                 |        12000.00 |        17891.00 |
 20-Apr-2016 | BY CASH/0054                                  |        |                 |        46000.00 |        63891.00 |
 20-Apr-2016 | BY TRA54/18/06/01 SHREE OM SAI CO OP CR ST    |        |                 |        30000.00 |        93891.00 |
 20-Apr-2016 | TO CASH LAXMAN J KHARAJE/0054                 | 185244 |        26658.00 |                 |        67233.00 |
 20-Apr-2016 | TO CASH MANOJ P GUPTA/0054                    | 185243 |        66645.00 |                 |          588.00 |
 20-Apr-2016 | BY CASH/0054                                  |        |                 |        10000.00 |        10588.00 |
 20-Apr-2016 | BY CASH/0054                                  |        |                 |        66645.00 |        77233.00 |
 20-Apr-2016 | BY CASH/0054                                  |        |                 |        26658.00 |       103891.00 |
 20-Apr-2016 | TO CASH PRAKASH C SEN/0054                    | 185246 |        40305.00 |                 |        63586.00 |
 20-Apr-2016 | TO CASH P R GUPTA/0054                        | 185248 |        32175.00 |                 |        31411.00 |
 20-Apr-2016 | TO CASH M G YADAV/0054                        | 185249 |        28280.00 |                 |         3131.00 |
 20-Apr-2016 | BY CASH/0054                                  |        |                 |         4000.00 |         7131.00 |
 22-Apr-2016 | BY CASH/0054                                  |        |                 |        40000.00 |        47131.00 |
 22-Apr-2016 | TO CASH SUBHASHCHAND GUPTA/0054               | 185250 |        40000.00 |                 |         7131.00 |
 25-Apr-2016 | BY TR 54/18/06/1 SHREE OM SAI COOP CR STY~    |        |                 |       400000.00 |       407131.00 |
 26-Apr-2016 | BY CASH                                       |        |                 |        50000.00 |       457131.00 |
 26-Apr-2016 | TO - SHASHIKANT BHULAI PAL - TO CTSIW CLG :   | 185299 |       400000.00 |                 |        57131.00 |
 26-Apr-2016 | BY TRANS 54/18/06/01 SHRI OM SAI~18/06/000    |        |                 |       610000.00 |       667131.00 |
 26-Apr-2016 | BY CASH/0054                                  |        |                 |         5500.00 |       672631.00 |
 26-Apr-2016 | TO CASH BABUL M SHAIKH/0054                   | 185277 |       220000.00 |                 |       452631.00 |
-----------------------------------------------------------------------------------------------------------------------------

                                   MUMBAI DISTRICT CENTRAL CO-OP. BANK LTD.,0030-MANKHURD                                    
 Shop No.21 & 22,Gr. Floor,'B' Wings, Bldg. No.11, Mangal Murti Complex, Ghatkpoar-Mankhurd Link Road,Mankhurd,Mumbai-400043 

Current Date  :14-Feb-2017                                                                                  UserId : REPORT30
Time : 11:07:21 AM                                                                                                Page :8 / 16
                                                    Statement Of Account                                                     
                                              From  01-Apr-2015  to  14-Feb-2017                                             

   Accountno :00301106000012
   Name: SHRI OMSAI CO OP CR SOCIETY LTD
   Address :JYOTIRLING NAGAR SHOP NO 07, SONAPUR NAGAR
   SION PANVEL HIGHWAY,MANKHURD
   MUMBAI - 400043
   Limit:0                                 INR
   Joint Holder: SHIKHRE SANTOSH RAMDAS , DOIPHODE NILAM ASHOK ,
=============================================================================================================================
 Trans. Date | Particulars                                   | InstNo |      Debit Amt. |     Credit Amt. |         Balance |
=============================================================================================================================
 Opening Bal |                                                                                                    452631.00 |
 26-Apr-2016 | TO CASH ZAMEERUDDIN N SHAIKH/0054             | 185267 |       220000.00 |                 |       232631.00 |
 26-Apr-2016 | TO CASH IMTIYAZ I SHAIKH/0054                 | 185261 |       230000.00 |                 |         2631.00 |
 27-Apr-2016 | BY CASH/0054                                  |        |                 |        35200.00 |        37831.00 |
 29-Apr-2016 | BY CASH/0054                                  |        |                 |        20000.00 |        57831.00 |
 29-Apr-2016 | BY CASH/0054                                  |        |                 |        50000.00 |       107831.00 |
 29-Apr-2016 | TO CASH PRACHI H MORE/0054                    | 185245 |       100330.00 |                 |         7501.00 |
 30-Apr-2016 | BY CASH/0054                                  |        |                 |         9400.00 |        16901.00 |
 30-Apr-2016 | BY CASH/0054                                  |        |                 |         6000.00 |        22901.00 |
 03-May-2016 | BY CASH/0054                                  |        |                 |         6000.00 |        28901.00 |
 03-May-2016 | BY CASH/0054                                  |        |                 |        10000.00 |        38901.00 |
 03-May-2016 | BY CASH/0054                                  |        |                 |         5600.00 |        44501.00 |
 04-May-2016 | BY TRAN54/18/06/01 SHREE OM SAI CO OP CRED    |        |                 |       200000.00 |       244501.00 |
 04-May-2016 | BY CASH/0054                                  |        |                 |         6000.00 |       250501.00 |
 04-May-2016 | TO CASH JAVAD MUNIR SHAIKH/0054               | 185284 |       230000.00 |                 |        20501.00 |
 05-May-2016 | BY  0054/10/01/001833                         |        |                 |        12000.00 |        32501.00 |
 05-May-2016 | BY  0054/10/01/001835                         |        |                 |        12000.00 |        44501.00 |
 05-May-2016 | BY CLG BY CLG/1583/99900755/1635/032          |   1583 |                 |        28395.00 |        72896.00 |
 06-May-2016 | BY CASH/0054                                  |        |                 |         5500.00 |        78396.00 |
 06-May-2016 | BY CASH/0054                                  |        |                 |        30000.00 |       108396.00 |
 07-May-2016 | BY  0054/10/01/001834                         |        |                 |        12000.00 |       120396.00 |
 07-May-2016 | TO - RELIANCE INFRASTRUCTURE - INFRASTRUCTUR  | 185311 |         2700.00 |                 |       117696.00 |
 09-May-2016 | BY CASH                                       |        |                 |        30000.00 |       147696.00 |
 09-May-2016 | TO CASH MUSTKIN MOHD EBARAT ALI               | 185247 |       100840.00 |                 |        46856.00 |
 10-May-2016 | BY CLG BY CLG/1598/99900759/1581/032          |   1598 |                 |        40096.00 |        86952.00 |
 11-May-2016 | TO CASHBHUSHAN YADHAV/0054                    | 185300 |        29250.00 |                 |        57702.00 |
 12-May-2016 | BY CASH/0054                                  |        |                 |         5000.00 |        62702.00 |
 13-May-2016 | BY TRAN54/18/06/01 SHREE OM SAI CO OP CRED    |        |                 |       180000.00 |       242702.00 |
 13-May-2016 | TO CASH AMJAD KHAN SHERKHAN/0054              | 185269 |       220000.00 |                 |        22702.00 |
 16-May-2016 | BY CASH/0054                                  |        |                 |         7500.00 |        30202.00 |
 17-May-2016 | BY CASH/0054                                  |        |                 |        15000.00 |        45202.00 |
 17-May-2016 | BY CASH/0054                                  |        |                 |         6250.00 |        51452.00 |
 17-May-2016 | TO CASH GAMA RAMRATAN PAL/0054                | 185312 |        35000.00 |                 |        16452.00 |
 17-May-2016 | BY CASH/0054                                  |        |                 |        35000.00 |        51452.00 |
 19-May-2016 | BY TR 54/18/06/1 SHREE OM SAI COOP CR STY~    |        |                 |       190000.00 |       241452.00 |
 19-May-2016 | TO CASH YASIN V SHAIKH/0054                   | 185273 |       230000.00 |                 |        11452.00 |
 20-May-2016 | BY CASH                                       |        |                 |        40000.00 |        51452.00 |
 20-May-2016 | BY CASH/0054                                  |        |                 |         5250.00 |        56702.00 |
 24-May-2016 | BY CASH/0054                                  |        |                 |         5000.00 |        61702.00 |
 24-May-2016 | BY TRAN54/18/06/01 SHREE OM SAI CO OP CRED    |        |                 |       180000.00 |       241702.00 |
 24-May-2016 | TO CASH MEHBOOD MUSA SHAIKH/0054              | 185270 |       220000.00 |                 |        21702.00 |
 25-May-2016 | BY CASH/0054                                  |        |                 |        14200.00 |        35902.00 |
 25-May-2016 | BY CASH                                       |        |                 |        30000.00 |        65902.00 |
 26-May-2016 | BY CASH/0054                                  |        |                 |         3050.00 |        68952.00 |
 26-May-2016 | BY CASH/0054                                  |        |                 |        11000.00 |        79952.00 |
 26-May-2016 | TO CASH RAMESH U TIWARI                       | 185313 |        75550.00 |                 |         4402.00 |
 27-May-2016 | BY CASH/0054                                  |        |                 |       100000.00 |       104402.00 |
 30-May-2016 | TO TR.WRONGLY SI BR NO.54 AS PER LETTER~99/01 |        |        26000.00 |                 |        78402.00 |
 31-May-2016 | BY CASH/0054                                  |        |                 |         5530.00 |        83932.00 |
-----------------------------------------------------------------------------------------------------------------------------

                                   MUMBAI DISTRICT CENTRAL CO-OP. BANK LTD.,0030-MANKHURD                                    
 Shop No.21 & 22,Gr. Floor,'B' Wings, Bldg. No.11, Mangal Murti Complex, Ghatkpoar-Mankhurd Link Road,Mankhurd,Mumbai-400043 

Current Date  :14-Feb-2017                                                                                  UserId : REPORT30
Time : 11:07:21 AM                                                                                                Page :9 / 16
                                                    Statement Of Account                                                     
                                              From  01-Apr-2015  to  14-Feb-2017                                             

   Accountno :00301106000012
   Name: SHRI OMSAI CO OP CR SOCIETY LTD
   Address :JYOTIRLING NAGAR SHOP NO 07, SONAPUR NAGAR
   SION PANVEL HIGHWAY,MANKHURD
   MUMBAI - 400043
   Limit:0                                 INR
   Joint Holder: SHIKHRE SANTOSH RAMDAS , DOIPHODE NILAM ASHOK ,
=============================================================================================================================
 Trans. Date | Particulars                                   | InstNo |      Debit Amt. |     Credit Amt. |         Balance |
=============================================================================================================================
 Opening Bal |                                                                                                     83932.00 |
 01-Jun-2016 | BY CASH/0054                                  |        |                 |        50000.00 |       133932.00 |
 01-Jun-2016 | TO CASH VIJAYKUMAR S JINWAL/0054              | 185315 |       100000.00 |                 |        33932.00 |
 01-Jun-2016 | BY CASH/0054                                  |        |                 |        10000.00 |        43932.00 |
 01-Jun-2016 | TO CASH NITIN LAXMAN SANAS/0054               | 185314 |        39775.00 |                 |         4157.00 |
 01-Jun-2016 | BY CASH/0054                                  |        |                 |        39775.00 |        43932.00 |
 02-Jun-2016 | TO TR.STATEMENT CHARGES AS PER REQUEST LETTER |        |           36.00 |                 |        43896.00 |
 03-Jun-2016 | BY  0054/10/01/001830                         |        |                 |         7000.00 |        50896.00 |
 03-Jun-2016 | TO CASH ABASO BHANUDAS SARGAR/0054            | 185316 |        34530.00 |                 |        16366.00 |
 03-Jun-2016 | BY CASH/0054                                  |        |                 |        23000.00 |        39366.00 |
 03-Jun-2016 | TO CASH SURESH A KOLEKAR/0054                 | 185317 |        37000.00 |                 |         2366.00 |
 06-Jun-2016 | BY CLG BY CLG/1619/99900780/1247/032          |   1619 |                 |        23315.00 |        25681.00 |
 06-Jun-2016 | BY CASH/0054                                  |        |                 |        50000.00 |        75681.00 |
 07-Jun-2016 | TO CASH SITA M CHAVAN/0054                    | 185302 |        25000.00 |                 |        50681.00 |
 08-Jun-2016 | BY  0054/10/01/001834                         |        |                 |        12000.00 |        62681.00 |
 08-Jun-2016 | BY CLG BY CLG/1631/99900782/329/032           |   1631 |                 |        31840.00 |        94521.00 |
 09-Jun-2016 | BY  0054/10/01/001835                         |        |                 |        12000.00 |       106521.00 |
 10-Jun-2016 | BY  0054/10/01/001833                         |        |                 |        12000.00 |       118521.00 |
 10-Jun-2016 | TO CASH BHUSHAN M YADAV/0054                  | 185303 |        88265.00 |                 |        30256.00 |
 13-Jun-2016 | BY CASH/0054                                  |        |                 |         5500.00 |        35756.00 |
 15-Jun-2016 | BY CASH/0054                                  |        |                 |        40000.00 |        75756.00 |
 15-Jun-2016 | BY CASH/0054                                  |        |                 |         3800.00 |        79556.00 |
 15-Jun-2016 | TO - THE NEW INDIA ASSURANCE - INDIA ASSURAN  | 185301 |         2183.00 |                 |        77373.00 |
 15-Jun-2016 | TO CASH RANJEET C CHAUHAN/0054                | 185318 |        32315.00 |                 |        45058.00 |
 15-Jun-2016 | BY CASH/0054                                  |        |                 |        32315.00 |        77373.00 |
 15-Jun-2016 | BY CASH/0054                                  |        |                 |         7000.00 |        84373.00 |
 16-Jun-2016 | BY CASH/0054                                  |        |                 |        20000.00 |       104373.00 |
 16-Jun-2016 | BY CASH/0054                                  |        |                 |         4300.00 |       108673.00 |
 16-Jun-2016 | TO CASH RAVISHANKAR H GUPTA                   | 185319 |       100200.00 |                 |         8473.00 |
 18-Jun-2016 | BY CASH/0054                                  |        |                 |        50000.00 |        58473.00 |
 18-Jun-2016 | BY CASH/0054                                  |        |                 |         8450.00 |        66923.00 |
 23-Jun-2016 | BY CASH/0054                                  |        |                 |        20000.00 |        86923.00 |
 23-Jun-2016 | TO CASH S H SALUNKHE/0054                     | 185320 |        40242.00 |                 |        46681.00 |
 23-Jun-2016 | BY CASH/0054                                  |        |                 |        40242.00 |        86923.00 |
 24-Jun-2016 | BY CASH/0054                                  |        |                 |        56000.00 |       142923.00 |
 27-Jun-2016 | BY CASH/0054                                  |        |                 |        58750.00 |       201673.00 |
 28-Jun-2016 | BY CASH/0054                                  |        |                 |        20000.00 |       221673.00 |
 28-Jun-2016 | BY CASH/0054                                  |        |                 |         6000.00 |       227673.00 |
 30-Jun-2016 | BY CASH/0054                                  |        |                 |        20200.00 |       247873.00 |
 01-Jul-2016 | BY CASH/0054                                  |        |                 |        32000.00 |       279873.00 |
 02-Jul-2016 | BY CASH                                       |        |                 |        40000.00 |       319873.00 |
 04-Jul-2016 | BY CASH/0054                                  |        |                 |        27860.00 |       347733.00 |
 04-Jul-2016 | BY TRANSFER10/01/1830 DURASWMI~10/01/00183    |        |                 |         7200.00 |       354933.00 |
 06-Jul-2016 | BY CLG BY CLG/1644/99900804/1997/032          |   1644 |                 |        23075.00 |       378008.00 |
 07-Jul-2016 | BY CASH/0054                                  |        |                 |         6650.00 |       384658.00 |
 08-Jul-2016 | BY  0054/10/01/001834                         |        |                 |        12000.00 |       396658.00 |
 08-Jul-2016 | BY  0054/10/01/001835                         |        |                 |        12000.00 |       408658.00 |
 08-Jul-2016 | BY TR 54/10/01/5 YOGESH GUMARE~10/01/00000    |        |                 |         5000.00 |       413658.00 |
 08-Jul-2016 | TO CASH  SANJAY A GUPTA                       | 185321 |        24077.00 |                 |       389581.00 |
-----------------------------------------------------------------------------------------------------------------------------

                                   MUMBAI DISTRICT CENTRAL CO-OP. BANK LTD.,0030-MANKHURD                                    
 Shop No.21 & 22,Gr. Floor,'B' Wings, Bldg. No.11, Mangal Murti Complex, Ghatkpoar-Mankhurd Link Road,Mankhurd,Mumbai-400043 

Current Date  :14-Feb-2017                                                                                  UserId : REPORT30
Time : 11:07:21 AM                                                                                               Page :10 / 16
                                                    Statement Of Account                                                     
                                              From  01-Apr-2015  to  14-Feb-2017                                             

   Accountno :00301106000012
   Name: SHRI OMSAI CO OP CR SOCIETY LTD
   Address :JYOTIRLING NAGAR SHOP NO 07, SONAPUR NAGAR
   SION PANVEL HIGHWAY,MANKHURD
   MUMBAI - 400043
   Limit:0                                 INR
   Joint Holder: SHIKHRE SANTOSH RAMDAS , DOIPHODE NILAM ASHOK ,
=============================================================================================================================
 Trans. Date | Particulars                                   | InstNo |      Debit Amt. |     Credit Amt. |         Balance |
=============================================================================================================================
 Opening Bal |                                                                                                    389581.00 |
 08-Jul-2016 | TO CASH  CHANDA V SONKAR                      | 185322 |        47670.00 |                 |       341911.00 |
 11-Jul-2016 | BY  0054/10/01/001833                         |        |                 |        12000.00 |       353911.00 |
 11-Jul-2016 | BY CLG BY CLG/1655/99900806/1851/032          |   1655 |                 |        22467.00 |       376378.00 |
 11-Jul-2016 | TO CASH BHUSHAN YADAV/0054                    | 185304 |        29250.00 |                 |       347128.00 |
 11-Jul-2016 | \TO CASH SURESH K MALI/0054                   | 185323 |        32080.00 |                 |       315048.00 |
 11-Jul-2016 | BY CASH/0054                                  |        |                 |        32080.00 |       347128.00 |
 12-Jul-2016 | BY CASH/0054                                  |        |                 |        22000.00 |       369128.00 |
 13-Jul-2016 | BY CLG BY CLG/1657/99900808/49/032            |   1657 |                 |         8289.00 |       377417.00 |
 13-Jul-2016 | BY CASH/0054                                  |        |                 |        50000.00 |       427417.00 |
 15-Jul-2016 | TO CASH V S JINUWAD/0054                      | 185326 |        50000.00 |                 |       377417.00 |
 15-Jul-2016 | BY CASH/0054                                  |        |                 |        24000.00 |       401417.00 |
 15-Jul-2016 | BY CASH/0054                                  |        |                 |         5660.00 |       407077.00 |
 15-Jul-2016 | BY CASH/0054                                  |        |                 |        50000.00 |       457077.00 |
 16-Jul-2016 | BY CASH/0054                                  |        |                 |        50000.00 |       507077.00 |
 18-Jul-2016 | BY CASH/0054                                  |        |                 |         7000.00 |       514077.00 |
 19-Jul-2016 | TO CASH V S JINWAL/0054                       | 185327 |       362000.00 |                 |       152077.00 |
 19-Jul-2016 | BY CASH/0054                                  |        |                 |        30000.00 |       182077.00 |
 20-Jul-2016 | TO: ACCT MAINT CHGS LESS DED 31MAR16 - JUL-16 |        |            1.00 |                 |       182076.00 |
 21-Jul-2016 | BY CASH/0054                                  |        |                 |        50000.00 |       232076.00 |
 21-Jul-2016 | BY CASH/0054                                  |        |                 |         6600.00 |       238676.00 |
 22-Jul-2016 | BY CASH/0054                                  |        |                 |        36000.00 |       274676.00 |
 25-Jul-2016 | BY CASH                                       |        |                 |        64000.00 |       338676.00 |
 25-Jul-2016 | TO CASH ANANDA E PAWAR/0054                   | 185329 |        30603.00 |                 |       308073.00 |
 25-Jul-2016 | BY CASH/0054                                  |        |                 |         5000.00 |       313073.00 |
 25-Jul-2016 | BY CASH/0054                                  |        |                 |        30603.00 |       343676.00 |
 26-Jul-2016 | BY CASH/0054                                  |        |                 |         6000.00 |       349676.00 |
 27-Jul-2016 | TO CASH SACHIN N YADAVE/0054                  | 185328 |       160585.00 |                 |       189091.00 |
 27-Jul-2016 | TO CASH RAMESH C SAROJ/0054                   | 185330 |        32370.00 |                 |       156721.00 |
 27-Jul-2016 | BY CASH/0054                                  |        |                 |        12000.00 |       168721.00 |
 28-Jul-2016 | BY CASH/0054                                  |        |                 |        38000.00 |       206721.00 |
 30-Jul-2016 | BY CASH/0054                                  |        |                 |        50000.00 |       256721.00 |
 01-Aug-2016 | BY CASH                                       |        |                 |        30000.00 |       286721.00 |
 01-Aug-2016 | BY CASH/0054                                  |        |                 |        80000.00 |       366721.00 |
 02-Aug-2016 | TO TRAN54/18/06/01 SHREE OM SAI CO OP CR SOC~ | 185282 |       300000.00 |                 |        66721.00 |
 03-Aug-2016 | BY CASH/0054                                  |        |                 |        50000.00 |       116721.00 |
 04-Aug-2016 | BY  0054/10/01/001830                         |        |                 |         7000.00 |       123721.00 |
 04-Aug-2016 | BY  0054/10/01/001830                         |        |                 |         7000.00 |       130721.00 |
 04-Aug-2016 | BY CLG BY CLG/25823/99900826/1495/032         |  25823 |                 |       370000.00 |       500721.00 |
 06-Aug-2016 | BY CLG BY CLG/25831/99900828/1555/032         |  25831 |                 |        29000.00 |       529721.00 |
 06-Aug-2016 | BY CASH/0054                                  |        |                 |        65000.00 |       594721.00 |
 06-Aug-2016 | TO TR 54/18/06/1 SHREE OM SAI COOP CR STY~18/ | 185283 |       544000.00 |                 |        50721.00 |
 08-Aug-2016 | BY  0054/10/01/001834                         |        |                 |        12000.00 |        62721.00 |
 08-Aug-2016 | BY  0054/10/01/001835                         |        |                 |        12000.00 |        74721.00 |
 08-Aug-2016 | BY CASH/0054                                  |        |                 |        40000.00 |       114721.00 |
 09-Aug-2016 | BY CLG BY CLG/1689/99900830/1374/032          |   1689 |                 |        26997.00 |       141718.00 |
 10-Aug-2016 | BY CLG BY CLG/1676/99900831/1561/032          |   1676 |                 |         8665.00 |       150383.00 |
 10-Aug-2016 | BY CASH/0054                                  |        |                 |        13000.00 |       163383.00 |
 11-Aug-2016 | TO CASH BHUSHAN M YADAV/0054                  | 185285 |        29250.00 |                 |       134133.00 |
-----------------------------------------------------------------------------------------------------------------------------

                                   MUMBAI DISTRICT CENTRAL CO-OP. BANK LTD.,0030-MANKHURD                                    
 Shop No.21 & 22,Gr. Floor,'B' Wings, Bldg. No.11, Mangal Murti Complex, Ghatkpoar-Mankhurd Link Road,Mankhurd,Mumbai-400043 

Current Date  :14-Feb-2017                                                                                  UserId : REPORT30
Time : 11:07:21 AM                                                                                               Page :11 / 16
                                                    Statement Of Account                                                     
                                              From  01-Apr-2015  to  14-Feb-2017                                             

   Accountno :00301106000012
   Name: SHRI OMSAI CO OP CR SOCIETY LTD
   Address :JYOTIRLING NAGAR SHOP NO 07, SONAPUR NAGAR
   SION PANVEL HIGHWAY,MANKHURD
   MUMBAI - 400043
   Limit:0                                 INR
   Joint Holder: SHIKHRE SANTOSH RAMDAS , DOIPHODE NILAM ASHOK ,
=============================================================================================================================
 Trans. Date | Particulars                                   | InstNo |      Debit Amt. |     Credit Amt. |         Balance |
=============================================================================================================================
 Opening Bal |                                                                                                    134133.00 |
 11-Aug-2016 | TO TR AS PER LETTER DT 06.08.16 99/01/1200~99 |        |         7000.00 |                 |       127133.00 |
 12-Aug-2016 | BY  0054/10/01/001833                         |        |                 |        12000.00 |       139133.00 |
 12-Aug-2016 | BY CASH/0054                                  |        |                 |        18000.00 |       157133.00 |
 12-Aug-2016 | BY CASH/0054                                  |        |                 |        32000.00 |       189133.00 |
 16-Aug-2016 | BY CASH/0054                                  |        |                 |        45000.00 |       234133.00 |
 16-Aug-2016 | BY CASH                                       |        |                 |        55000.00 |       289133.00 |
 19-Aug-2016 | BY CLG BY CLG/74123/99900836/1341/032         |  74123 |                 |        10000.00 |       299133.00 |
 20-Aug-2016 | BY CASH/0054                                  |        |                 |        50000.00 |       349133.00 |
 20-Aug-2016 | BY TR 54/18/06/1 SHREE OM SAI COOP CR STY~    |        |                 |       300000.00 |       649133.00 |
 20-Aug-2016 | TO CASH BHUSHAN M YADAV/0054                  | 185306 |       150000.00 |                 |       499133.00 |
 20-Aug-2016 | TO CASH BHUSHAN M YADAV/0054                  | 185307 |       150000.00 |                 |       349133.00 |
 20-Aug-2016 | TO CASH BHUSHAN M YADAV/0054                  | 185308 |       150000.00 |                 |       199133.00 |
 20-Aug-2016 | TO CASH BHUSHAN M YADAV/0054                  | 185309 |       150000.00 |                 |        49133.00 |
 20-Aug-2016 | TO CASH SHASHIKALA R JAISWAR/0054             | 185331 |        30000.00 |                 |        19133.00 |
 20-Aug-2016 | BY CASH/0054                                  |        |                 |        30000.00 |        49133.00 |
 20-Aug-2016 | BY CASH/0054                                  |        |                 |         6000.00 |        55133.00 |
 22-Aug-2016 | BY CASH/0054                                  |        |                 |        60000.00 |       115133.00 |
 25-Aug-2016 | BY CASH                                       |        |                 |        50000.00 |       165133.00 |
 26-Aug-2016 | BY CASH                                       |        |                 |       270000.00 |       435133.00 |
 29-Aug-2016 | BY CASH/0054                                  |        |                 |       320000.00 |       755133.00 |
 01-Sep-2016 | TO CASH P B VARMA/0054                        | 185332 |        28015.00 |                 |       727118.00 |
 01-Sep-2016 | BY CASH/0054                                  |        |                 |        28015.00 |       755133.00 |
 01-Sep-2016 | BY CASH/0054                                  |        |                 |         8500.00 |       763633.00 |
 02-Sep-2016 | BY CLG BY CLG/25871/99900847/317/032          |  25871 |                 |       185000.00 |       948633.00 |
 03-Sep-2016 | BY CASH                                       |        |                 |        13000.00 |       961633.00 |
 03-Sep-2016 | TO TRANSFER 18/06/1 SHREE OM SAI COOP CR STY~ | 185254 |       800000.00 |                 |       161633.00 |
 05-Sep-2016 | BY  0054/10/01/001830                         |        |                 |         7000.00 |       168633.00 |
 05-Sep-2016 | BY  0054/10/01/001830                         |        |                 |         7000.00 |       175633.00 |
 05-Sep-2016 | BY CLG BY CLG/1701/99900849/1350/032          |   1701 |                 |        23835.00 |       199468.00 |
 06-Sep-2016 | BY CASH/0054                                  |        |                 |         5000.00 |       204468.00 |
 07-Sep-2016 | TO CASH K H RAJPUROHIT/0054                   | 185333 |        36744.00 |                 |       167724.00 |
 07-Sep-2016 | BY CASH/0054                                  |        |                 |        36744.00 |       204468.00 |
 07-Sep-2016 | TO CASH B D GHERADE/0054                      | 185268 |        82332.00 |                 |       122136.00 |
 07-Sep-2016 | BY CASH/0054                                  |        |                 |        62000.00 |       184136.00 |
 12-Sep-2016 | TO TR.TWICE CR DT.05/09/16 NOW ENTRY REV TDY~ |        |         7000.00 |                 |       177136.00 |
 12-Sep-2016 | TO CASH B M YADAV/0054                        | 185271 |        27782.00 |                 |       149354.00 |
 14-Sep-2016 | BY  0054/10/01/001834                         |        |                 |        12000.00 |       161354.00 |
 14-Sep-2016 | BY  0054/10/01/001835                         |        |                 |        12000.00 |       173354.00 |
 15-Sep-2016 | BY CASH                                       |        |                 |        20000.00 |       193354.00 |
 17-Sep-2016 | BY CLG BY CLG/264088/99900857/700/032         | 264088 |                 |         6000.00 |       199354.00 |
 19-Sep-2016 | TO CASH R H GUPTA/0054                        | 185340 |        80000.00 |                 |       119354.00 |
 19-Sep-2016 | TO CASH A P CHORGE/0054                       | 185341 |        67680.00 |                 |        51674.00 |
 19-Sep-2016 | BY CASH/0054                                  |        |                 |        67680.00 |       119354.00 |
 19-Sep-2016 | BY CASH/0054                                  |        |                 |        80000.00 |       199354.00 |
 22-Sep-2016 | TO INWREJ.CHRGS:185342                        |        |          370.00 |                 |       198984.00 |
 22-Sep-2016 | TO - GHADAGE USHA SHIVAJI - TO CTSIW CLG : 8  | 185343 |       135000.00 |                 |        63984.00 |
 22-Sep-2016 | TO CASH PINTU SINGH/0054                      | 185344 |        40315.00 |                 |        23669.00 |
 22-Sep-2016 | BY TRANSFER 18/06/001 SHRI OM SAI~18/06/00    |        |                 |       200000.00 |       223669.00 |
-----------------------------------------------------------------------------------------------------------------------------

                                   MUMBAI DISTRICT CENTRAL CO-OP. BANK LTD.,0030-MANKHURD                                    
 Shop No.21 & 22,Gr. Floor,'B' Wings, Bldg. No.11, Mangal Murti Complex, Ghatkpoar-Mankhurd Link Road,Mankhurd,Mumbai-400043 

Current Date  :14-Feb-2017                                                                                  UserId : REPORT30
Time : 11:07:21 AM                                                                                               Page :12 / 16
                                                    Statement Of Account                                                     
                                              From  01-Apr-2015  to  14-Feb-2017                                             

   Accountno :00301106000012
   Name: SHRI OMSAI CO OP CR SOCIETY LTD
   Address :JYOTIRLING NAGAR SHOP NO 07, SONAPUR NAGAR
   SION PANVEL HIGHWAY,MANKHURD
   MUMBAI - 400043
   Limit:0                                 INR
   Joint Holder: SHIKHRE SANTOSH RAMDAS , DOIPHODE NILAM ASHOK ,
=============================================================================================================================
 Trans. Date | Particulars                                   | InstNo |      Debit Amt. |     Credit Amt. |         Balance |
=============================================================================================================================
 Opening Bal |                                                                                                    223669.00 |
 22-Sep-2016 | BY CASH/0054                                  |        |                 |        40315.00 |       263984.00 |
 26-Sep-2016 | BY CASH/0054                                  |        |                 |        58000.00 |       321984.00 |
 26-Sep-2016 | BY CASH/0054                                  |        |                 |        18750.00 |       340734.00 |
 27-Sep-2016 | TO - GHADAGE USHA SHIVAJI - TO CTSIW CLG : 8  | 185342 |       100000.00 |                 |       240734.00 |
 27-Sep-2016 | BY CASH/0054                                  |        |                 |        10280.00 |       251014.00 |
 28-Sep-2016 | TO CASH PRAMILA S PATWA/0054                  | 185347 |        28800.00 |                 |       222214.00 |
 28-Sep-2016 | TO CASH ANWAR LALU SHIKH/0054                 | 185346 |        20000.00 |                 |       202214.00 |
 28-Sep-2016 | BY CASH/0054                                  |        |                 |         6100.00 |       208314.00 |
 28-Sep-2016 | BY CASH/0054                                  |        |                 |        20000.00 |       228314.00 |
 28-Sep-2016 | BY CASH/0054                                  |        |                 |        28800.00 |       257114.00 |
 30-Sep-2016 | BY CASH/0054                                  |        |                 |         3600.00 |       260714.00 |
 30-Sep-2016 | TO INCIDENTAL CHARGES                         |        |          230.00 |                 |       260484.00 |
 03-Oct-2016 | TO - BALAJI MACHINE SERVICES - INE SERVICE/8  | 185345 |         7913.00 |                 |       252571.00 |
 04-Oct-2016 | BY CASH/0054                                  |        |                 |        10000.00 |       262571.00 |
 05-Oct-2016 | BY CASH/0054                                  |        |                 |         8000.00 |       270571.00 |
 05-Oct-2016 | TO CASH SURESHCHANDRA GUPTA/0054              | 185348 |        57242.00 |                 |       213329.00 |
 05-Oct-2016 | TO CASH LALCHAND JAISWAL/0054                 | 185349 |        24590.00 |                 |       188739.00 |
 05-Oct-2016 | TO CASH SHASHIKALA JAISWAR/0054               | 185350 |        97188.00 |                 |        91551.00 |
 05-Oct-2016 | BY CASH/0054                                  |        |                 |        24590.00 |       116141.00 |
 05-Oct-2016 | BY CASH/0054                                  |        |                 |        97188.00 |       213329.00 |
 07-Oct-2016 | BY  0054/10/01/001833                         |        |                 |        12000.00 |       225329.00 |
 07-Oct-2016 | BY  0054/10/01/001833                         |        |                 |        12000.00 |       237329.00 |
 10-Oct-2016 | BY CASH/0054                                  |        |                 |        20000.00 |       257329.00 |
 10-Oct-2016 | BY CASH                                       |        |                 |        60000.00 |       317329.00 |
 13-Oct-2016 | BY  0054/10/01/001834                         |        |                 |        12000.00 |       329329.00 |
 13-Oct-2016 | BY  0054/10/01/001835                         |        |                 |        12000.00 |       341329.00 |
 13-Oct-2016 | BY CASH/0054                                  |        |                 |        50000.00 |       391329.00 |
 13-Oct-2016 | TO TR 18/06/1 SHRI OM SAI COOP CR STY~18/06/0 | 185286 |       250000.00 |                 |       141329.00 |
 14-Oct-2016 | BY CLG BY CLG/264089/99900881/782/032         | 264089 |                 |         6000.00 |       147329.00 |
 14-Oct-2016 | BY TR 10/01/1830  DURASWAMI~10/01/001830/0    |        |                 |         7000.00 |       154329.00 |
 15-Oct-2016 | BY CASH                                       |        |                 |       100000.00 |       254329.00 |
 18-Oct-2016 | BY CASH/0054                                  |        |                 |         6000.00 |       260329.00 |
 20-Oct-2016 | TO - GHADAGE USHA SHIVAJI - TO CTSIW CLG : 8  | 185310 |        32600.00 |                 |       227729.00 |
 20-Oct-2016 | TO CASH PRITI S YELVE/0054                    | 185357 |       100000.00 |                 |       127729.00 |
 20-Oct-2016 | TO CASHCHANDRAKANT V SHEVALE/0054             | 185356 |        27760.00 |                 |        99969.00 |
 20-Oct-2016 | TO CASH LAXMAN J KHARJE/0054                  | 185355 |        25944.00 |                 |        74025.00 |
 20-Oct-2016 | TO CASH RAJKUMAR H PAL/0054                   | 185352 |        21074.00 |                 |        52951.00 |
 20-Oct-2016 | TO CASH ASHOK R SONKAR/0054                   | 185353 |        21696.00 |                 |        31255.00 |
 20-Oct-2016 | TO CASH PRALHAD M SONKAR/0054                 | 185354 |        20160.00 |                 |        11095.00 |
 20-Oct-2016 | BY CASH/0054                                  |        |                 |        25944.00 |        37039.00 |
 20-Oct-2016 | BY CASH/0054                                  |        |                 |        21074.00 |        58113.00 |
 20-Oct-2016 | BY CASH/0054                                  |        |                 |        21696.00 |        79809.00 |
 20-Oct-2016 | BY CASH/0054                                  |        |                 |        20160.00 |        99969.00 |
 20-Oct-2016 | BY CASH/0054                                  |        |                 |        27760.00 |       127729.00 |
 21-Oct-2016 | BY CASH/0054                                  |        |                 |        30380.00 |       158109.00 |
 25-Oct-2016 | BY CASH/0054                                  |        |                 |         5680.00 |       163789.00 |
 26-Oct-2016 | TO CASH MEGHA/0054                            | 185359 |        30000.00 |                 |       133789.00 |
 26-Oct-2016 | TO CASH LAXMI T SAROJ/0054                    | 185358 |        33525.00 |                 |       100264.00 |
-----------------------------------------------------------------------------------------------------------------------------

                                   MUMBAI DISTRICT CENTRAL CO-OP. BANK LTD.,0030-MANKHURD                                    
 Shop No.21 & 22,Gr. Floor,'B' Wings, Bldg. No.11, Mangal Murti Complex, Ghatkpoar-Mankhurd Link Road,Mankhurd,Mumbai-400043 

Current Date  :14-Feb-2017                                                                                  UserId : REPORT30
Time : 11:07:21 AM                                                                                               Page :13 / 16
                                                    Statement Of Account                                                     
                                              From  01-Apr-2015  to  14-Feb-2017                                             

   Accountno :00301106000012
   Name: SHRI OMSAI CO OP CR SOCIETY LTD
   Address :JYOTIRLING NAGAR SHOP NO 07, SONAPUR NAGAR
   SION PANVEL HIGHWAY,MANKHURD
   MUMBAI - 400043
   Limit:0                                 INR
   Joint Holder: SHIKHRE SANTOSH RAMDAS , DOIPHODE NILAM ASHOK ,
=============================================================================================================================
 Trans. Date | Particulars                                   | InstNo |      Debit Amt. |     Credit Amt. |         Balance |
=============================================================================================================================
 Opening Bal |                                                                                                    100264.00 |
 26-Oct-2016 | BY CASH/0054                                  |        |                 |        33525.00 |       133789.00 |
 28-Oct-2016 | BY CASH/0054                                  |        |                 |        19996.00 |       153785.00 |
 01-Nov-2016 | BY CASH/0054                                  |        |                 |        36360.00 |       190145.00 |
 02-Nov-2016 | TO TR 18/06/1 SHREE OM SAI COPP  CR STY~18/06 | 187441 |       100000.00 |                 |        90145.00 |
 02-Nov-2016 | TO CASH PRAMILA S PADHAVA/0054                | 185360 |        39210.00 |                 |        50935.00 |
 02-Nov-2016 | BY CASH/0054                                  |        |                 |        12840.00 |        63775.00 |
 02-Nov-2016 | BY CASH/0054                                  |        |                 |        39210.00 |       102985.00 |
 04-Nov-2016 | BY TR 54/18/06/1 SHREE OM SAI COOP CR STY~    |        |                 |        65000.00 |       167985.00 |
 04-Nov-2016 | TO CASH SANTOSH A JAYSWAL/0054                | 185361 |        28175.00 |                 |       139810.00 |
 04-Nov-2016 | TO CASH MAINADEVI G YADAV/0054                | 185364 |        40059.00 |                 |        99751.00 |
 04-Nov-2016 | TO CASH ANILKUMAR M SHARMA/0054               | 185363 |        25000.00 |                 |        74751.00 |
 04-Nov-2016 | TO CASH RAVISHANKAR H GUPTA/0054              | 185362 |        70570.00 |                 |         4181.00 |
 08-Nov-2016 | BY  0054/10/01/001833                         |        |                 |        12000.00 |        16181.00 |
 08-Nov-2016 | BY  0054/10/01/001834                         |        |                 |        12000.00 |        28181.00 |
 08-Nov-2016 | BY CASH                                       |        |                 |        50000.00 |        78181.00 |
 10-Nov-2016 | BY CASH                                       |        |                 |       100000.00 |       178181.00 |
 10-Nov-2016 | BY CASH                                       |        |                 |        46000.00 |       224181.00 |
 12-Nov-2016 | TO CASH MUNIRALAM                             | 187472 |        10000.00 |                 |       214181.00 |
 12-Nov-2016 | TO TR 10/01/1974 SAYYES SABANA~10/01/001974/0 | 185366 |       200000.00 |                 |        14181.00 |
 13-Nov-2016 | TO CASH BAIG M Z                              | 187473 |        10000.00 |                 |         4181.00 |
 15-Nov-2016 | BY TRANSFER 54/10/01/1600~10/01/001600/005    |        |                 |        34000.00 |        38181.00 |
 15-Nov-2016 | TO CASH BAIG M Z                              | 187476 |        10000.00 |                 |        28181.00 |
 16-Nov-2016 | TO TR 54/11/01/21 MAX COOL SOLUTION~11/01/000 | 187443 |         4025.00 |                 |        24156.00 |
 17-Nov-2016 | BY CLG BY CLG/952513/99900909/1345/032        | 952513 |                 |        15000.00 |        39156.00 |
 17-Nov-2016 | BY CLG BY CLG/264087/99900909/1355/032        | 264087 |                 |         6000.00 |        45156.00 |
 17-Nov-2016 | BY CLG BY CLG/209164/99900909/1434/032        | 209164 |                 |        10000.00 |        55156.00 |
 17-Nov-2016 | TO CASH  MUNIRADAM Z BAIG                     | 187474 |        14000.00 |                 |        41156.00 |
 18-Nov-2016 | By NEFT :NITIN BALASAHEB PAWA                 |        |                 |        10000.00 |        51156.00 |
 19-Nov-2016 | By NEFT :NITIN B PAWAR                        |        |                 |        10000.00 |        61156.00 |
 19-Nov-2016 | BY CLG BY CLG/952514/99900911/1899/032        | 952514 |                 |        40000.00 |       101156.00 |
 19-Nov-2016 | BY CLG BY CLG/34021/99900911/1887/032         |  34021 |                 |        14000.00 |       115156.00 |
 19-Nov-2016 | BY CLG BY CLG/165460/99900911/2123/032        | 165460 |                 |         6000.00 |       121156.00 |
 21-Nov-2016 | TO CASH MUNIRALAM Z BAIG                      | 187477 |        10000.00 |                 |       111156.00 |
 22-Nov-2016 | BY CLG BY CLG/34022/99900913/877/032          |  34022 |                 |        18500.00 |       129656.00 |
 22-Nov-2016 | TO - NITIN LAXMAN SANAS - IN LAXMAN SANAS/80  | 187475 |        24000.00 |                 |       105656.00 |
 24-Nov-2016 | BY CLG BY CLG/535370/99900915/1672/032        | 535370 |                 |         6500.00 |       112156.00 |
 24-Nov-2016 | BY CLG BY CLG/100011/99900915/1772/032        | 100011 |                 |         4000.00 |       116156.00 |
 24-Nov-2016 | TO CASH MUNIRALAM Z BAIG                      | 187479 |        40000.00 |                 |        76156.00 |
 25-Nov-2016 | BY CLG BY CLG/254853/99900916/1158/032        | 254853 |                 |        18500.00 |        94656.00 |
 25-Nov-2016 | BY CLG BY CLG/568162/99900916/1182/032        | 568162 |                 |        40000.00 |       134656.00 |
 25-Nov-2016 | BY CLG BY CLG/126107/99900916/2394/032        | 126107 |                 |         6000.00 |       140656.00 |
 25-Nov-2016 | TO - SAI SERVICES - TO CTSIW CLG : 8000954/S  | 187444 |         2500.00 |                 |       138156.00 |
 25-Nov-2016 | By NEFT :NITIN BALASAHEB PAWA                 |        |                 |         5000.00 |       143156.00 |
 28-Nov-2016 | BY CLG BY CLG/34023/99900917/604/032          |  34023 |                 |         8000.00 |       151156.00 |
 28-Nov-2016 | TO CASH MANIRALAM Z BAIG                      | 187480 |        10000.00 |                 |       141156.00 |
 29-Nov-2016 | TO CASH P C CHUNILA SEN                       | 187478 |        40000.00 |                 |       101156.00 |
 30-Nov-2016 | BY CLG BY CLG/100053/99900919/3584/032        | 100053 |                 |        29000.00 |       130156.00 |
 30-Nov-2016 | BY CLG BY CLG/100038/99900919/1743/032        | 100038 |                 |        12500.00 |       142656.00 |
-----------------------------------------------------------------------------------------------------------------------------

                                   MUMBAI DISTRICT CENTRAL CO-OP. BANK LTD.,0030-MANKHURD                                    
 Shop No.21 & 22,Gr. Floor,'B' Wings, Bldg. No.11, Mangal Murti Complex, Ghatkpoar-Mankhurd Link Road,Mankhurd,Mumbai-400043 

Current Date  :14-Feb-2017                                                                                  UserId : REPORT30
Time : 11:07:21 AM                                                                                               Page :14 / 16
                                                    Statement Of Account                                                     
                                              From  01-Apr-2015  to  14-Feb-2017                                             

   Accountno :00301106000012
   Name: SHRI OMSAI CO OP CR SOCIETY LTD
   Address :JYOTIRLING NAGAR SHOP NO 07, SONAPUR NAGAR
   SION PANVEL HIGHWAY,MANKHURD
   MUMBAI - 400043
   Limit:0                                 INR
   Joint Holder: SHIKHRE SANTOSH RAMDAS , DOIPHODE NILAM ASHOK ,
=============================================================================================================================
 Trans. Date | Particulars                                   | InstNo |      Debit Amt. |     Credit Amt. |         Balance |
=============================================================================================================================
 Opening Bal |                                                                                                    142656.00 |
 30-Nov-2016 | BY CLG BY CLG/199445/99900919/1730/032        | 199445 |                 |         2500.00 |       145156.00 |
 30-Nov-2016 | BY CLG BY CLG/568163/99900919/1794/032        | 568163 |                 |        16000.00 |       161156.00 |
 30-Nov-2016 | BY CLG BY CLG/237939/99900919/1774/032        | 237939 |                 |         5000.00 |       166156.00 |
 30-Nov-2016 | TO - NMR GOVIND SHANKAR CHAV - IND SHANKAR C  | 187485 |        19220.00 |                 |       146936.00 |
 01-Dec-2016 | TO - PATVA KANTIDEVI RADHESH - TO CTSIW CLG   | 187486 |        12510.00 |                 |       134426.00 |
 02-Dec-2016 | BY CLG BY CLG/535371/99900921/518/032         | 535371 |                 |        17000.00 |       151426.00 |
 03-Dec-2016 | BY CASH/0054                                  |        |                 |        15700.00 |       167126.00 |
 05-Dec-2016 | BY  0054/10/01/001833                         |        |                 |        12000.00 |       179126.00 |
 05-Dec-2016 | TO CASH MUNIRAJAM Z BAIG                      | 187481 |        10000.00 |                 |       169126.00 |
 06-Dec-2016 | BY CLG BY CLG/237941/99900924/199/032         | 237941 |                 |        12000.00 |       181126.00 |
 06-Dec-2016 | BY CLG BY CLG/568165/99900924/201/032         | 568165 |                 |        20000.00 |       201126.00 |
 06-Dec-2016 | ToBouncing99900924/199/11 06 000012-237941    |        |        12000.00 |                 |       189126.00 |
 06-Dec-2016 | ToFUNDS INSU99900924/199/1106-237941          |        |          288.00 |                 |       188838.00 |
 07-Dec-2016 | BY CLG BY CLG/567536/99900925/1417/032        | 567536 |                 |        38000.00 |       226838.00 |
 07-Dec-2016 | TO CASH MUNIRALAM Z BAIG                      | 187482 |        20000.00 |                 |       206838.00 |
 07-Dec-2016 | TO - MUNNI SURESH CHINDALAYA - INDALAY/80009  | 187487 |        23690.00 |                 |       183148.00 |
 07-Dec-2016 | BY TRA 54/10/01/1830 DURASWAMI KRISHNAN~10    |        |                 |         7000.00 |       190148.00 |
 08-Dec-2016 | BY CLG BY CLG/21/99900926/732/032             |     21 |                 |         6000.00 |       196148.00 |
 09-Dec-2016 | TO CASH MANIRALAM Z BAIG                      | 187483 |        20000.00 |                 |       176148.00 |
 14-Dec-2016 | BY CLG BY CLG/237941/99900929/2191/032        | 237941 |                 |        12000.00 |       188148.00 |
 15-Dec-2016 | TO CASH MUNIRALAM ZAMEERALAM BAIG             | 187492 |        40000.00 |                 |       148148.00 |
 16-Dec-2016 | BY CLG BY CLG/567537/99900931/1200/032        | 567537 |                 |        15000.00 |       163148.00 |
 16-Dec-2016 | BY CLG BY CLG/264090/99900931/1185/032        | 264090 |                 |         6000.00 |       169148.00 |
 16-Dec-2016 | BY CLG BY CLG/199448/99900931/1214/032        | 199448 |                 |         1500.00 |       170648.00 |
 16-Dec-2016 | TO - MAMTA - TO CTSIW CLG : 8000970/MAMTA/80  | 187490 |         9990.00 |                 |       160658.00 |
 17-Dec-2016 | BY  0054/10/01/001835                         |        |                 |        12000.00 |       172658.00 |
 17-Dec-2016 | TO CASH MUNIRALAM Z BAIG                      | 187484 |        10000.00 |                 |       162658.00 |
 17-Dec-2016 | BY TRA 54/10/01/1834 PARMAR H  RAMJE~10/01    |        |                 |         6000.00 |       168658.00 |
 17-Dec-2016 | TO - MOHD  MANNAN RAZZAQ - TO CTSIW CLG : 80  | 187491 |        78220.00 |                 |        90438.00 |
 17-Dec-2016 | BY CLG BY CLG/100027/99900932/490/032         | 100027 |                 |        30000.00 |       120438.00 |
 17-Dec-2016 | BY CLG BY CLG/182442/99900932/545/032         | 182442 |                 |        10000.00 |       130438.00 |
 17-Dec-2016 | BY CLG BY CLG/2/99900932/550/032              |      2 |                 |        10000.00 |       140438.00 |
 19-Dec-2016 | TO TRANSFER 10/01/3984~10/01/003984/0030      | 187495 |        35006.00 |                 |       105432.00 |
 19-Dec-2016 | BY CLG BY CLG/141064/99900933/1219/032        | 141064 |                 |        80000.00 |       185432.00 |
 19-Dec-2016 | TO - RELIANCE COMM INFRA LTD - INFRA LT/8000  | 187445 |          638.00 |                 |       184794.00 |
 20-Dec-2016 | TO CASH MUNIRALAM Z BAIG                      | 187493 |        16000.00 |                 |       168794.00 |
 20-Dec-2016 | BY CLG BY CLG/153323/99900934/439/032         | 153323 |                 |         5000.00 |       173794.00 |
 22-Dec-2016 | BY  0054/10/01/001834                         |        |                 |        12000.00 |       185794.00 |
 22-Dec-2016 | BY CLG BY CLG/551087/99900936/720/032         | 551087 |                 |        30000.00 |       215794.00 |
 26-Dec-2016 | BY CLG BY CLG/29516/99900938/443/032          |  29516 |                 |        50000.00 |       265794.00 |
 26-Dec-2016 | BY CLG BY CLG/29513/99900938/448/032          |  29513 |                 |        50000.00 |       315794.00 |
 26-Dec-2016 | BY CLG BY CLG/29511/99900938/452/032          |  29511 |                 |        50000.00 |       365794.00 |
 26-Dec-2016 | BY CLG BY CLG/29517/99900938/438/032          |  29517 |                 |        50000.00 |       415794.00 |
 26-Dec-2016 | TO TRA 54/11/01/21 MAX COOL  SOLUSHAN~11/01/0 | 187446 |         4600.00 |                 |       411194.00 |
 26-Dec-2016 | TO - RAJU SHIVBACHAN NISHAD - TO CTSIW CLG :  | 187489 |        18450.00 |                 |       392744.00 |
 28-Dec-2016 | TO CASH MUNIRALAM Z BAIG                      | 187494 |        10000.00 |                 |       382744.00 |
 28-Dec-2016 | TO TRA 18/06/01 SHRI OMSAI CO OPP CR SO~18/06 | 187447 |       350000.00 |                 |        32744.00 |
 30-Dec-2016 | BY CLG BY CLG/568169/99900942/164/032         | 568169 |                 |        13000.00 |        45744.00 |
-----------------------------------------------------------------------------------------------------------------------------

                                   MUMBAI DISTRICT CENTRAL CO-OP. BANK LTD.,0030-MANKHURD                                    
 Shop No.21 & 22,Gr. Floor,'B' Wings, Bldg. No.11, Mangal Murti Complex, Ghatkpoar-Mankhurd Link Road,Mankhurd,Mumbai-400043 

Current Date  :14-Feb-2017                                                                                  UserId : REPORT30
Time : 11:07:21 AM                                                                                               Page :15 / 16
                                                    Statement Of Account                                                     
                                              From  01-Apr-2015  to  14-Feb-2017                                             

   Accountno :00301106000012
   Name: SHRI OMSAI CO OP CR SOCIETY LTD
   Address :JYOTIRLING NAGAR SHOP NO 07, SONAPUR NAGAR
   SION PANVEL HIGHWAY,MANKHURD
   MUMBAI - 400043
   Limit:0                                 INR
   Joint Holder: SHIKHRE SANTOSH RAMDAS , DOIPHODE NILAM ASHOK ,
=============================================================================================================================
 Trans. Date | Particulars                                   | InstNo |      Debit Amt. |     Credit Amt. |         Balance |
=============================================================================================================================
 Opening Bal |                                                                                                     45744.00 |
 30-Dec-2016 | BY CLG BY CLG/199450/99900942/167/032         | 199450 |                 |          200.00 |        45944.00 |
 30-Dec-2016 | BY CLG BY CLG/4/99900942/168/032              |      4 |                 |         3100.00 |        49044.00 |
 30-Dec-2016 | BY CASH/0054                                  |        |                 |         3450.00 |        52494.00 |
 30-Dec-2016 | ToBouncing99900942/164/11 06 000012-568169    |        |        13000.00 |                 |        39494.00 |
 30-Dec-2016 | ToFUNDS INSU99900942/164/1106-568169          |        |          288.00 |                 |        39206.00 |
 02-Jan-2017 | BY CLG BY CLG/199451/99900944/883/032         | 199451 |                 |          800.00 |        40006.00 |
 02-Jan-2017 | BY CLG BY CLG/137137/99900944/904/032         | 137137 |                 |        20000.00 |        60006.00 |
 05-Jan-2017 | BY CLG BY CLG/199452/99900947/160/032         | 199452 |                 |          500.00 |        60506.00 |
 11-Jan-2017 | BY CLG BY CLG/827724/99900952/2790/032        | 827724 |                 |        25500.00 |        86006.00 |
 11-Jan-2017 | TO - RAMPRAVESHSHYAMNATH GUP - TO CTSIW CLG   | 185365 |        24530.00 |                 |        61476.00 |
 11-Jan-2017 | TO CASH SUNIL M CHALKE                        | 185370 |        11420.00 |                 |        50056.00 |
 11-Jan-2017 | TO CASH ANIL GUPTA                            | 185369 |        18120.00 |                 |        31936.00 |
 11-Jan-2017 | BY CASH                                       |        |                 |        29540.00 |        61476.00 |
 11-Jan-2017 | BY CASH                                       |        |                 |        29950.00 |        91426.00 |
 11-Jan-2017 | TO CASH SUBHASH A SUTAR                       | 185367 |        10000.00 |                 |        81426.00 |
 13-Jan-2017 | BY CLG BY CLG/28525/99900954/469/032          |  28525 |                 |        16000.00 |        97426.00 |
 17-Jan-2017 | TO CASH  MONU KISANLAL SODE                   | 185368 |        19950.00 |                 |        77476.00 |
 17-Jan-2017 | TO CASH  SARITA RAMPAL SONKAR                 | 187497 |        21490.00 |                 |        55986.00 |
 17-Jan-2017 | BY CASH                                       |        |                 |        21490.00 |        77476.00 |
 17-Jan-2017 | BY CASH                                       |        |                 |        19950.00 |        97426.00 |
 18-Jan-2017 | BY CLG BY CLG/104091/99900957/3805/032        | 104091 |                 |        24000.00 |       121426.00 |
 18-Jan-2017 | BY CLG BY CLG/138909/99900957/3833/032        | 138909 |                 |        19070.00 |       140496.00 |
 19-Jan-2017 | TO - CHANDRASHEKHAR VIJENDRA - TO CTSIW CLG   | 187496 |        23550.00 |                 |       116946.00 |
 19-Jan-2017 | BY CASH                                       |        |                 |        70000.00 |       186946.00 |
 20-Jan-2017 | BY  0054/10/01/001833                         |        |                 |        12000.00 |       198946.00 |
 21-Jan-2017 | BY CLG BY CLG/11076/99900960/944/032          |  11076 |                 |         4286.00 |       203232.00 |
 21-Jan-2017 | BY CLG BY CLG/5/99900960/936/032              |      5 |                 |         9286.00 |       212518.00 |
 21-Jan-2017 | BY CASH                                       |        |                 |        80000.00 |       292518.00 |
 21-Jan-2017 | BY TRANSFER~10/01/001861/0054                 |        |                 |        20000.00 |       312518.00 |
 23-Jan-2017 | TO - JAISWAL PRAHLADKUMAR PY - TO CTSIW CLG   | 187498 |        30320.00 |                 |       282198.00 |
 24-Jan-2017 | TO TRA 18/06/01 SHRI OM SAI CO OP~18/06/00000 | 187448 |       200000.00 |                 |        82198.00 |
 24-Jan-2017 | TO CASH BHAYALAL K GUPTA                      | 187499 |        25000.00 |                 |        57198.00 |
 24-Jan-2017 | BY CASH                                       |        |                 |        25000.00 |        82198.00 |
 24-Jan-2017 | BY TRANSFER~10/01/003956/0030                 |        |                 |         3000.00 |        85198.00 |
 25-Jan-2017 | TO CASH  BHAIYALAL K GUPTA                    | 187500 |        25000.00 |                 |        60198.00 |
 25-Jan-2017 | BY CASH                                       |        |                 |        13000.00 |        73198.00 |
 25-Jan-2017 | BY CASH                                       |        |                 |        25000.00 |        98198.00 |
 27-Jan-2017 | TO - KANHAYALAL - TO CTSIW CLG : 8001003/KAN  | 187450 |        68750.00 |                 |        29448.00 |
 30-Jan-2017 | BY CASH/0054                                  |        |                 |        50000.00 |        79448.00 |
 31-Jan-2017 | BY CLG BY CLG/165637/99900966/2441/032        | 165637 |                 |         5000.00 |        84448.00 |
 31-Jan-2017 | BY CASH/0054                                  |        |                 |        80000.00 |       164448.00 |
 01-Feb-2017 | BY CASH/0054                                  |        |                 |        50000.00 |       214448.00 |
 02-Feb-2017 | BY CASH/0054                                  |        |                 |        78500.00 |       292948.00 |
 03-Feb-2017 | BY CLG BY CLG/23/99900969/2061/032            |     23 |                 |         5000.00 |       297948.00 |
 03-Feb-2017 | TO - VISHAL - TO CTSIW CLG : 8001008/VISHAL/  | 187501 |        17830.00 |                 |       280118.00 |
 03-Feb-2017 | TO - BHAIYALAL K GUPTA - TO CTSIW CLG : 8001  | 187502 |        80000.00 |                 |       200118.00 |
 03-Feb-2017 | TO - MR   GUPTA ASHOK GULABC - TO CTSIW CLG   | 187451 |        99100.00 |                 |       101018.00 |
 03-Feb-2017 | BY TR 18/06/1 & 10/01/1861 GUPTA RAVISHANKAR~ |        |                 |        70000.00 |       171018.00 |
-----------------------------------------------------------------------------------------------------------------------------

                                   MUMBAI DISTRICT CENTRAL CO-OP. BANK LTD.,0030-MANKHURD                                    
 Shop No.21 & 22,Gr. Floor,'B' Wings, Bldg. No.11, Mangal Murti Complex, Ghatkpoar-Mankhurd Link Road,Mankhurd,Mumbai-400043 

Current Date  :14-Feb-2017                                                                                  UserId : REPORT30
Time : 11:07:21 AM                                                                                               Page :16 / 16
                                                    Statement Of Account                                                     
                                              From  01-Apr-2015  to  14-Feb-2017                                             

   Accountno :00301106000012
   Name: SHRI OMSAI CO OP CR SOCIETY LTD
   Address :JYOTIRLING NAGAR SHOP NO 07, SONAPUR NAGAR
   SION PANVEL HIGHWAY,MANKHURD
   MUMBAI - 400043
   Limit:0                                 INR
   Joint Holder: SHIKHRE SANTOSH RAMDAS , DOIPHODE NILAM ASHOK ,
=============================================================================================================================
 Trans. Date | Particulars                                   | InstNo |      Debit Amt. |     Credit Amt. |         Balance |
=============================================================================================================================
 Opening Bal |                                                                                                    171018.00 |
 06-Feb-2017 | BY CASH                                       |        |                 |        50000.00 |       221018.00 |
 07-Feb-2017 | TO - SANTOSH KUMAR RAJESH PA - TO CTSIW CLG   | 187503 |       150000.00 |                 |        71018.00 |
 09-Feb-2017 | BY CASH/0054                                  |        |                 |        50000.00 |       121018.00 |
 10-Feb-2017 | BY  0054/10/01/001834                         |        |                 |        12000.00 |       133018.00 |
 13-Feb-2017 | BY CASH/0054                                  |        |                 |        30466.00 |       163484.00 |
 Closing Bal |                                                                                                    163484.00 |
=============================================================================================================================
     Total : |                                               |        |     25395373.00 |     25558857.00 |                 |
=============================================================================================================================
 Grand Total |                                               |        |     25395373.00 |     25558857.00 |                 |
=============================================================================================================================



  1) If there is any discrepancy in the above mentioned statement kindly let us know 
     within 10 days  from the date of receipt of the statement .   
  2) This is a computerised statement , hence no signature of the officials is necessary. 
   
   
   
   * We provide SMS Banking Facility. Register your mobile number with our Branch. 
     For further details please contact our Branch. 
   
   1) Account Balance Query : 
      Type SMS like MDCC< space >BQ< space ><14 digit account No>     & send it to 9222000404 
   
   2) Last Three Transactions : 
      Type SMS like MDCC< space >MS< space ><14 digit account No>     & send it to 9222000404 
   
   3) Cheque Status Enquiry : 
      Type SMS like MDCC< space >CS< space ><14 digit account No>     & send it to 9222000404
   
   4) To Block ATM Card : 
      Type SMS CARDBLOCK from your registered mobile no. & send it to 9222000404


