                             MUMBAI DISTRICT CENTRAL CO-OP. BANK LTD.,0054-CHEMBUR COLONY BRANCH                             
              Om Sai Co-Op Credit Society Ltd, Shop No 4 AC,1247 School, Near Golf Club,Chembur ,Mumbai-400074               

Current Date  :13-Feb-2017                                                                                  UserId : REPORT54
Time : 13:04:04 PM                                                                                                Page :1 / 47
                                                    Statement Of Account                                                     
                                              From  01-Apr-2015  to  13-Feb-2017                                             

   Accountno :00541806000001
   Name: SHRI OM SAI COOP CR STY LTD
   Address :4 AC 1247 NEAR DUDHESHWAR MANDIR
   NEAR NATIONAL SARVODAYA HIGHSCHOOL,,DR.C.G.ROAD, CHEMBUR COLONY
   MUMBAI - 400074
   Limit:9630000                                 INR
   Joint Holder:
=============================================================================================================================
 Trans. Date | Particulars                                   | InstNo |      Debit Amt. |     Credit Amt. |         Balance |
=============================================================================================================================
 Opening Bal |                                                                                                632308.71 Dr. |
 02-Apr-2015 | BY:60/10/000002:TD INT CREDIT                 |        |                 |            7.00 |   632301.71 Dr. |
 02-Apr-2015 | BY:60/10/000003:TD INT CREDIT                 |        |                 |            3.00 |   632298.71 Dr. |
 02-Apr-2015 | BY:60/11/000008:TD INT CREDIT                 |        |                 |            1.00 |   632297.71 Dr. |
 04-Apr-2015 | BY TRAN 10/06/06 WROG O/W/CLG CH~10/06/000006 |        |                 |         6000.00 |   626297.71 Dr. |
 04-Apr-2015 | BY TRAN 10/01/1285/  KADAM  S L~10/01/001285/ |        |                 |        10000.00 |   616297.71 Dr. |
 06-Apr-2015 | BY CLG BY CLG/10136/99900457/2295/032         |  10136 |                 |        40483.00 |   575814.71 Dr. |
 06-Apr-2015 | BY CLG BY CLG/899666/99900457/2282/032        | 899666 |                 |        75000.00 |   500814.71 Dr. |
 06-Apr-2015 | TO TRAN 11/01/21 MAX COOL SOL~11/01/000021/00 |   1840 |         8778.00 |                 |   509592.71 Dr. |
 06-Apr-2015 | TO CASH DEVRAJ P GULVI                        |   1847 |       434000.00 |                 |   943592.71 Dr. |
 06-Apr-2015 | BY TRAN 54/27/11/06/1/90/SHRI OM SAI STY~11/0 |        |                 |       195000.00 |   748592.71 Dr. |
 07-Apr-2015 | BY TRANSFER 10/01/1696 KHAN SHAFIQ LADDAN~10/ |        |                 |         3300.00 |   745292.71 Dr. |
 07-Apr-2015 | TO - STATE CO OP ELECTION - TO CTSIW CLG : 8  |   1839 |        50000.00 |                 |   795292.71 Dr. |
 07-Apr-2015 | TO CASH MUKTAR H SALMALMANI                   |   1849 |        20000.00 |                 |   815292.71 Dr. |
 07-Apr-2015 | ToBouncing99900457/2295/18 06 000001-709570   |        |         5500.00 |                 |   820792.71 Dr. |
 07-Apr-2015 | ToFUNDS INSU99900457/2295/1806-709570         |        |          281.00 |                 |   821073.71 Dr. |
 08-Apr-2015 | BY CLG BY CLG/1142/99900459/2474/032          |   1142 |                 |        46247.00 |   774826.71 Dr. |
 08-Apr-2015 | BY CLG BY CLG/1144/99900459/2491/032          |   1144 |                 |        51013.00 |   723813.71 Dr. |
 08-Apr-2015 | BY CLG BY CLG/1147/99900459/2448/032          |   1147 |                 |        32023.00 |   691790.71 Dr. |
 08-Apr-2015 | BY TRAN 09/10/01/6044/BURAMBADKAR M S~10/0    |        |                 |        10000.00 |   681790.71 Dr. |
 09-Apr-2015 | BY TRANSFER11/06/1 SHREE OM SAI STY~11/06/000 |        |                 |       317572.00 |   364218.71 Dr. |
 09-Apr-2015 | TO TRANSFER ,50/17/5,6,7 INT RECIVED~50/17/00 |        |       218358.00 |                 |   582576.71 Dr. |
 09-Apr-2015 | BY CLG BY CLG/610553/99900460/2020/032        | 610553 |                 |        10600.00 |   571976.71 Dr. |
 09-Apr-2015 | TO CASH SALIM JOSEF MANSURI                   |   1848 |        24322.00 |                 |   596298.71 Dr. |
 10-Apr-2015 | BY TRAN 27/10/01/2723/SHINDE G S~10/01/002    |        |                 |         2300.00 |   593998.71 Dr. |
 11-Apr-2015 | BY TRF:-60/07/002074                          |        |                 |        19880.00 |   574118.71 Dr. |
 13-Apr-2015 | TO TRAN 60/10/15/SHRI OM SAI STY~60/10/000015 |        |        20000.00 |                 |   594118.71 Dr. |
 15-Apr-2015 | BY:60/10/000004:TD INT CREDIT                 |        |                 |          536.00 |   593582.71 Dr. |
 15-Apr-2015 | TO CASH DHARMENDER S SINGH                    |   1851 |        52500.00 |                 |   646082.71 Dr. |
 15-Apr-2015 | BY CASH                                       |        |                 |        25000.00 |   621082.71 Dr. |
 16-Apr-2015 | TO CASH VARSHA R UNDAGE/0042                  |   1852 |        61875.00 |                 |   682957.71 Dr. |
 16-Apr-2015 | BY CASH                                       |        |                 |        30400.00 |   652557.71 Dr. |
 16-Apr-2015 | BY TRF:-60/10/000015                          |        |                 |        20000.00 |   632557.71 Dr. |
 16-Apr-2015 | TO TRAN 60/12/174/SHRI OM SAI STY~60/12/00017 |        |        20000.00 |                 |   652557.71 Dr. |
 20-Apr-2015 | TO TRANSFER18/06/47~18/06/000047/0005         |   1901 |        91000.00 |                 |   743557.71 Dr. |
 20-Apr-2015 | TO SI:50/09/5                                 |        |       183500.00 |                 |   927057.71 Dr. |
 20-Apr-2015 | TO SI:50/09/6                                 |        |       315000.00 |                 |  1242057.71 Dr. |
 20-Apr-2015 | TO SI:50/09/7 SHRI OMSAI COOP CR STY          |        |        18000.00 |                 |  1260057.71 Dr. |
 20-Apr-2015 | TO SI:50/09/7 SHRI OMSAI CR STY               |        |        19400.00 |                 |  1279457.71 Dr. |
 20-Apr-2015 | TO SI:50/09/7 SHRI OMSAI COOP CR STY          |        |         9500.00 |                 |  1288957.71 Dr. |
 20-Apr-2015 | TO SI:50/09/7 SHRI OMSAI COOP CR STY          |        |        29000.00 |                 |  1317957.71 Dr. |
 20-Apr-2015 | BY CASH                                       |        |                 |        55000.00 |  1262957.71 Dr. |
 22-Apr-2015 | TO CASH FARIDD M SIDHKI                       |   1854 |       737138.00 |                 |  2000095.71 Dr. |
 22-Apr-2015 | TO CASH MAINULHAK SIDHIKI                     |   1855 |       250330.00 |                 |  2250425.71 Dr. |
 23-Apr-2015 | BY CASH                                       |        |                 |        30000.00 |  2220425.71 Dr. |
 24-Apr-2015 | BY CLG BY CLG/14652/99900472/1524/032         |  14652 |                 |         3000.00 |  2217425.71 Dr. |
 24-Apr-2015 | BY CLG BY CLG/14668/99900472/1511/032         |  14668 |                 |         3000.00 |  2214425.71 Dr. |
 25-Apr-2015 | BY CASH                                       |        |                 |        15000.00 |  2199425.71 Dr. |
 27-Apr-2015 | TO - PERFECT INFOTECH - INFOTECH/8000500\185  |   1853 |        11000.00 |                 |  2210425.71 Dr. |
-----------------------------------------------------------------------------------------------------------------------------

                             MUMBAI DISTRICT CENTRAL CO-OP. BANK LTD.,0054-CHEMBUR COLONY BRANCH                             
              Om Sai Co-Op Credit Society Ltd, Shop No 4 AC,1247 School, Near Golf Club,Chembur ,Mumbai-400074               

Current Date  :13-Feb-2017                                                                                  UserId : REPORT54
Time : 13:04:04 PM                                                                                                Page :2 / 47
                                                    Statement Of Account                                                     
                                              From  01-Apr-2015  to  13-Feb-2017                                             

   Accountno :00541806000001
   Name: SHRI OM SAI COOP CR STY LTD
   Address :4 AC 1247 NEAR DUDHESHWAR MANDIR
   NEAR NATIONAL SARVODAYA HIGHSCHOOL,,DR.C.G.ROAD, CHEMBUR COLONY
   MUMBAI - 400074
   Limit:9630000                                 INR
   Joint Holder:
=============================================================================================================================
 Trans. Date | Particulars                                   | InstNo |      Debit Amt. |     Credit Amt. |         Balance |
=============================================================================================================================
 Opening Bal |                                                                                               2210425.71 Dr. |
 27-Apr-2015 | BY CASH                                       |        |                 |        45000.00 |  2165425.71 Dr. |
 27-Apr-2015 | BY CASH                                       |        |                 |      1800000.00 |   365425.71 Dr. |
 27-Apr-2015 | BY CASH                                       |        |                 |       200000.00 |   165425.71 Dr. |
 27-Apr-2015 | TO CASH VIKAS PATEL                           |   1857 |      1000000.00 |                 |  1165425.71 Dr. |
 27-Apr-2015 | TO CASH VIKAS PATEL                           |   1856 |      1700000.00 |                 |  2865425.71 Dr. |
 27-Apr-2015 | TO CASH NARAYAN YADAV                         |   1858 |        25000.00 |                 |  2890425.71 Dr. |
 28-Apr-2015 | BY TRANSFER 11/06/1 WRONGL~11/06/000001/0054  |        |                 |        36630.00 |  2853795.71 Dr. |
 29-Apr-2015 | BY CLG BY CLG/933086/99900476/645/032         | 933086 |                 |        10000.00 |  2843795.71 Dr. |
 29-Apr-2015 | BY TRANSFER RENT PAID APRIL 2015~99/02/005640 |        |                 |        55000.00 |  2788795.71 Dr. |
 29-Apr-2015 | TO TRANSFER TDS PAYBALE APRIL 2015~99/01/0022 |        |         5500.00 |                 |  2794295.71 Dr. |
 29-Apr-2015 | BY CASH                                       |        |                 |       165000.00 |  2629295.71 Dr. |
 29-Apr-2015 | BY CASH                                       |        |                 |        30000.00 |  2599295.71 Dr. |
 30-Apr-2015 | TO CASH HANSA Y. SINGADIYA                    |   1860 |        40580.00 |                 |  2639875.71 Dr. |
 30-Apr-2015 | TO CASH NANDA RAMESH SONAVANE                 |   1859 |        12000.00 |                 |  2651875.71 Dr. |
 30-Apr-2015 | TO INTEREST NORMAL(DEBIT) PRODUC              |        |         9568.00 |                 |  2661443.71 Dr. |
 02-May-2015 | BY TRAN 10/01/1285/  KADAM  S L~10/01/001285/ |        |                 |         5000.00 |  2656443.71 Dr. |
 05-May-2015 | BY TRAN 10/01/1696/KHAN S L~10/01/001696/0054 |        |                 |         7000.00 |  2649443.71 Dr. |
 05-May-2015 | TO CASH FATEHBAHADUR RAMNATH YADAV            |   1861 |        30000.00 |                 |  2679443.71 Dr. |
 05-May-2015 | BY CASH                                       |        |                 |        75000.00 |  2604443.71 Dr. |
 05-May-2015 | BY CASH                                       |        |                 |        30000.00 |  2574443.71 Dr. |
 06-May-2015 | BY CLG BY CLG/58465/99900480/1457/032         |  58465 |                 |        15500.00 |  2558943.71 Dr. |
 06-May-2015 | BY CLG BY CLG/296205/99900480/1540/032        | 296205 |                 |         5000.00 |  2553943.71 Dr. |
 06-May-2015 | BY CLG BY CLG/10403/99900480/1511/032         |  10403 |                 |        21657.00 |  2532286.71 Dr. |
 06-May-2015 | TO CASH SHARAD LALA UPADHE                    |   1862 |        27200.00 |                 |  2559486.71 Dr. |
 07-May-2015 | BY TRAN 10/01/1693/BORDE~10/01/001693/0054    |        |                 |         4500.00 |  2554986.71 Dr. |
 07-May-2015 | BY CASH                                       |        |                 |       230000.00 |  2324986.71 Dr. |
 08-May-2015 | BY CLG BY CLG/8209/99900482/252/032           |   8209 |                 |         6000.00 |  2318986.71 Dr. |
 08-May-2015 | BY CASH                                       |        |                 |       250000.00 |  2068986.71 Dr. |
 08-May-2015 | BY CASH                                       |        |                 |       140000.00 |  1928986.71 Dr. |
 09-May-2015 | BY CASH                                       |        |                 |         2000.00 |  1926986.71 Dr. |
 09-May-2015 | TO TRAN 50/17/05/SHRI OM SAI STY~50/17/000005 |        |        48498.00 |                 |  1975484.71 Dr. |
 09-May-2015 | TO TRAN 50/17/06/SHRI OM SAI STY~50/17/000006 |        |       104350.00 |                 |  2079834.71 Dr. |
 09-May-2015 | TO TRAN 50/17/07/SHRI OM SAI STY~50/17/000007 |        |        53196.00 |                 |  2133030.71 Dr. |
 09-May-2015 | BY TRANSFER 11/06/01/SHRI OM SAI STY          |        |                 |        30000.00 |  2103030.71 Dr. |
 09-May-2015 | BY CLG BY CLG/1184/99900483/1861/032          |   1184 |                 |        61757.00 |  2041273.71 Dr. |
 09-May-2015 | BY CLG BY CLG/1180/99900483/1837/032          |   1180 |                 |        44051.00 |  1997222.71 Dr. |
 09-May-2015 | TO TRAN 10/01/1813/GAIKWAD S S~10/01/001813/0 |   1863 |       500000.00 |                 |  2497222.71 Dr. |
 11-May-2015 | BY CLG BY CLG/749931/99900484/1302/032        | 749931 |                 |        20000.00 |  2477222.71 Dr. |
 11-May-2015 | BY CLG BY CLG/1181/99900484/346/032           |   1181 |                 |        40214.00 |  2437008.71 Dr. |
 11-May-2015 | BY CLG BY CLG/14683/99900484/373/032          |  14683 |                 |         3000.00 |  2434008.71 Dr. |
 11-May-2015 | BY CASH                                       |        |                 |       232000.00 |  2202008.71 Dr. |
 11-May-2015 | BY CASH                                       |        |                 |       112000.00 |  2090008.71 Dr. |
 12-May-2015 | BY:60/12/000036:TD INT CREDIT                 |        |                 |         2147.00 |  2087861.71 Dr. |
 12-May-2015 | BY CASH                                       |        |                 |       407000.00 |  1680861.71 Dr. |
 12-May-2015 | TO TRAN 10/01/1816~10/01/001816/0054          |   1865 |       175000.00 |                 |  1855861.71 Dr. |
 13-May-2015 | TO CASH VISHNU GHUMRE                         |   1866 |       270000.00 |                 |  2125861.71 Dr. |
 13-May-2015 | TO TRANSFER WRONGY CER 11/06/1~11/06/000001/0 |        |         2000.00 |                 |  2127861.71 Dr. |
 13-May-2015 | BY TRAN 27/10/01/6044/BURMADKAR~10/01/0060    |        |                 |        10000.00 |  2117861.71 Dr. |
-----------------------------------------------------------------------------------------------------------------------------

                             MUMBAI DISTRICT CENTRAL CO-OP. BANK LTD.,0054-CHEMBUR COLONY BRANCH                             
              Om Sai Co-Op Credit Society Ltd, Shop No 4 AC,1247 School, Near Golf Club,Chembur ,Mumbai-400074               

Current Date  :13-Feb-2017                                                                                  UserId : REPORT54
Time : 13:04:04 PM                                                                                                Page :3 / 47
                                                    Statement Of Account                                                     
                                              From  01-Apr-2015  to  13-Feb-2017                                             

   Accountno :00541806000001
   Name: SHRI OM SAI COOP CR STY LTD
   Address :4 AC 1247 NEAR DUDHESHWAR MANDIR
   NEAR NATIONAL SARVODAYA HIGHSCHOOL,,DR.C.G.ROAD, CHEMBUR COLONY
   MUMBAI - 400074
   Limit:9630000                                 INR
   Joint Holder:
=============================================================================================================================
 Trans. Date | Particulars                                   | InstNo |      Debit Amt. |     Credit Amt. |         Balance |
=============================================================================================================================
 Opening Bal |                                                                                               2117861.71 Dr. |
 14-May-2015 | BY CASH                                       |        |                 |        24000.00 |  2093861.71 Dr. |
 15-May-2015 | BY CASH                                       |        |                 |       300000.00 |  1793861.71 Dr. |
 15-May-2015 | BY CASH                                       |        |                 |        20000.00 |  1773861.71 Dr. |
 18-May-2015 | TO CASH JAGNATH CHAURSIYA                     |   1867 |       100000.00 |                 |  1873861.71 Dr. |
 19-May-2015 | BY TRAN 11/06/01/SHRI OM SAI STY~11/06/000001 |        |                 |       480000.00 |  1393861.71 Dr. |
 19-May-2015 | TO SI:50/09/5                                 |        |       183500.00 |                 |  1577361.71 Dr. |
 19-May-2015 | TO SI:50/09/6                                 |        |       315000.00 |                 |  1892361.71 Dr. |
 19-May-2015 | TO SI:50/09/7 SHRI OMSAI COOP CR STY          |        |        18000.00 |                 |  1910361.71 Dr. |
 19-May-2015 | TO SI:50/09/7 SHRI OMSAI CR STY               |        |        19400.00 |                 |  1929761.71 Dr. |
 19-May-2015 | TO SI:50/09/7 SHRI OMSAI COOP CR STY          |        |         9500.00 |                 |  1939261.71 Dr. |
 19-May-2015 | TO SI:50/09/7 SHRI OMSAI COOP CR STY          |        |        29000.00 |                 |  1968261.71 Dr. |
 19-May-2015 | BY CASH                                       |        |                 |       110000.00 |  1858261.71 Dr. |
 20-May-2015 | TO CASH VISHNU GAJABHAU GHUMRE                |   1868 |       250000.00 |                 |  2108261.71 Dr. |
 21-May-2015 | BY CLG BY CLG/8426/99900493/1583/032          |   8426 |                 |         6000.00 |  2102261.71 Dr. |
 22-May-2015 | BY CLG BY CLG/189637/99900494/1206/032        | 189637 |                 |         2000.00 |  2100261.71 Dr. |
 22-May-2015 | BY CASH                                       |        |                 |       600000.00 |  1500261.71 Dr. |
 22-May-2015 | BY CASH                                       |        |                 |       285000.00 |  1215261.71 Dr. |
 23-May-2015 | TO CASH NILESH S GAIKWAD                      |   1870 |       166000.00 |                 |  1381261.71 Dr. |
 23-May-2015 | TO CASH VISHNU G GHUMRE                       |   1871 |        41850.00 |                 |  1423111.71 Dr. |
 25-May-2015 | TO CASH JAGANATH CHORASHIYA                   |   1872 |        95000.00 |                 |  1518111.71 Dr. |
 25-May-2015 | TO CASH GOPAL RAMSAMUJ GUPTA                  |   1869 |        50000.00 |                 |  1568111.71 Dr. |
 26-May-2015 | BY CLG BY CLG/610683/99900497/1436/032        | 610683 |                 |         6600.00 |  1561511.71 Dr. |
 26-May-2015 | TO TRANS 54/10/01/1802 PATEL VIKAS~10/01/0018 |   1873 |      1000000.00 |                 |  2561511.71 Dr. |
 27-May-2015 | BY TRANSFER RENT PAID MONTH OF MAY-2015 BRANC |        |                 |        55000.00 |  2506511.71 Dr. |
 27-May-2015 | TO TRANSFERRENT TDS MAY-2015~99/01/002220/005 |        |         5500.00 |                 |  2512011.71 Dr. |
 27-May-2015 | BY CASH                                       |        |                 |        65000.00 |  2447011.71 Dr. |
 28-May-2015 | BY CASH                                       |        |                 |        25000.00 |  2422011.71 Dr. |
 29-May-2015 | BY CLG BY CLG/933087/99900500/1185/032        | 933087 |                 |        10000.00 |  2412011.71 Dr. |
 29-May-2015 | BY CASH                                       |        |                 |       876000.00 |  1536011.71 Dr. |
 30-May-2015 | BY TRANS 11/06/01 SHRI OM SAI CO-OP CR SOC~11 |        |                 |        30000.00 |  1506011.71 Dr. |
 30-May-2015 | TO INTEREST NORMAL(DEBIT) PRODUC              |        |        16786.00 |                 |  1522797.71 Dr. |
 01-Jun-2015 | TO CASH SURESH RAJPAL                         |   1875 |       186867.00 |                 |  1709664.71 Dr. |
 01-Jun-2015 | BY CASH                                       |        |                 |        60000.00 |  1649664.71 Dr. |
 01-Jun-2015 | BY TRANS 54/10/01/1285 KADAM SIDDHARTH LAXMAN |        |                 |         5000.00 |  1644664.71 Dr. |
 02-Jun-2015 | TO CASH MOHAN PUNJABI                         |   1878 |        77855.00 |                 |  1722519.71 Dr. |
 03-Jun-2015 | TO CASH SATISH B PUNJ                         |   1877 |        20000.00 |                 |  1742519.71 Dr. |
 03-Jun-2015 | TO CASH R R PRAJAPATI                         |   1876 |        15000.00 |                 |  1757519.71 Dr. |
 03-Jun-2015 | BY CASH                                       |        |                 |        35000.00 |  1722519.71 Dr. |
 04-Jun-2015 | BY CLG BY CLG/296207/99900505/1369/032        | 296207 |                 |         5000.00 |  1717519.71 Dr. |
 04-Jun-2015 | BY TRANS 54/11/06/01 SHRI OM SAI CO-OP CR SOC |        |                 |       480000.00 |  1237519.71 Dr. |
 06-Jun-2015 | BY CLG BY CLG/749930/99900507/1506/032        | 749930 |                 |        13000.00 |  1224519.71 Dr. |
 06-Jun-2015 | BY CLG BY CLG/58466/99900507/1520/032         |  58466 |                 |        10000.00 |  1214519.71 Dr. |
 06-Jun-2015 | BY CLG BY CLG/709572/99900507/1517/032        | 709572 |                 |         5500.00 |  1209019.71 Dr. |
 06-Jun-2015 | BY CLG BY CLG/10631/99900507/1511/032         |  10631 |                 |        21707.00 |  1187312.71 Dr. |
 06-Jun-2015 | TO CASH MEHUL PREMJI RANVA                    |   1880 |        80321.00 |                 |  1267633.71 Dr. |
 08-Jun-2015 | TO CASH AYESH B QURESHI                       |   1881 |        39270.00 |                 |  1306903.71 Dr. |
 08-Jun-2015 | BY TRAN 10/01/1696/KHAN S L~10/01/001696/0054 |        |                 |         3500.00 |  1303403.71 Dr. |
 08-Jun-2015 | TO CASH YOGESH RADHAKRUSHNA CHODAJA           |   1882 |        47306.00 |                 |  1350709.71 Dr. |
-----------------------------------------------------------------------------------------------------------------------------

                             MUMBAI DISTRICT CENTRAL CO-OP. BANK LTD.,0054-CHEMBUR COLONY BRANCH                             
              Om Sai Co-Op Credit Society Ltd, Shop No 4 AC,1247 School, Near Golf Club,Chembur ,Mumbai-400074               

Current Date  :13-Feb-2017                                                                                  UserId : REPORT54
Time : 13:04:04 PM                                                                                                Page :4 / 47
                                                    Statement Of Account                                                     
                                              From  01-Apr-2015  to  13-Feb-2017                                             

   Accountno :00541806000001
   Name: SHRI OM SAI COOP CR STY LTD
   Address :4 AC 1247 NEAR DUDHESHWAR MANDIR
   NEAR NATIONAL SARVODAYA HIGHSCHOOL,,DR.C.G.ROAD, CHEMBUR COLONY
   MUMBAI - 400074
   Limit:9630000                                 INR
   Joint Holder:
=============================================================================================================================
 Trans. Date | Particulars                                   | InstNo |      Debit Amt. |     Credit Amt. |         Balance |
=============================================================================================================================
 Opening Bal |                                                                                               1350709.71 Dr. |
 08-Jun-2015 | BY CASH                                       |        |                 |        39270.00 |  1311439.71 Dr. |
 08-Jun-2015 | BY TRANS 54/10/01/1817 GAIKVAD SUPRIYA~10/01/ |        |                 |        12000.00 |  1299439.71 Dr. |
 09-Jun-2015 | BY CLG BY CLG/644/99900509/1539/032           |    644 |                 |        42787.00 |  1256652.71 Dr. |
 09-Jun-2015 | BY CLG BY CLG/1227/99900509/1571/032          |   1227 |                 |        62365.00 |  1194287.71 Dr. |
 09-Jun-2015 | BY CLG BY CLG/1217/99900509/1555/032          |   1217 |                 |        42726.00 |  1151561.71 Dr. |
 09-Jun-2015 | TO TRAN 50/07/05/06/07 SHRI OM SAI STY~50/17/ |        |       206863.00 |                 |  1358424.71 Dr. |
 09-Jun-2015 | BY TRAN 54/10/01/30/A G CHAVAN~10/01/000030/0 |        |                 |       100000.00 |  1258424.71 Dr. |
 09-Jun-2015 | BY TRAN 54/10/01/30/A G CHAVAN~10/01/000030/0 |        |                 |        50000.00 |  1208424.71 Dr. |
 10-Jun-2015 | TO CASH PRAFFULA ASHOK GANGURELE              |   1883 |       158285.00 |                 |  1366709.71 Dr. |
 10-Jun-2015 | BY CASH                                       |        |                 |        62300.00 |  1304409.71 Dr. |
 10-Jun-2015 | TO CASH JAGANNATH CHAURASIYA                  |   1884 |        50000.00 |                 |  1354409.71 Dr. |
 11-Jun-2015 | TO CASHKRISHMA K SUTHAR                       |   1885 |       134500.00 |                 |  1488909.71 Dr. |
 13-Jun-2015 | BY TRAN 54/10/011757/1093/1681/09/6044~10/01/ |        |                 |        29100.00 |  1459809.71 Dr. |
 15-Jun-2015 | TO IDBI MAHA RAJY. SAH SANGH . PUNE~99/01/001 |   1789 |         3034.00 |                 |  1462843.71 Dr. |
 15-Jun-2015 | BY CASH                                       |        |                 |        90650.00 |  1372193.71 Dr. |
 17-Jun-2015 | BY CASH                                       |        |                 |       150000.00 |  1222193.71 Dr. |
 19-Jun-2015 | TO SI:50/09/5                                 |        |       183500.00 |                 |  1405693.71 Dr. |
 19-Jun-2015 | TO SI:50/09/6                                 |        |       315000.00 |                 |  1720693.71 Dr. |
 19-Jun-2015 | TO SI:50/09/7 SHRI OMSAI COOP CR STY          |        |        18000.00 |                 |  1738693.71 Dr. |
 19-Jun-2015 | TO SI:50/09/7 SHRI OMSAI CR STY               |        |        19400.00 |                 |  1758093.71 Dr. |
 19-Jun-2015 | TO SI:50/09/7 SHRI OMSAI COOP CR STY          |        |         9500.00 |                 |  1767593.71 Dr. |
 19-Jun-2015 | TO SI:50/09/7 SHRI OMSAI COOP CR STY          |        |        29000.00 |                 |  1796593.71 Dr. |
 20-Jun-2015 | TO CASH GHANSHYAM SAJAN                       |   1886 |        20798.00 |                 |  1817391.71 Dr. |
 24-Jun-2015 | TO TRA 10/01/1825/JADHAV RAM VITHAL~10/01/001 |   1887 |       220000.00 |                 |  2037391.71 Dr. |
 24-Jun-2015 | BY CASH                                       |        |                 |        60000.00 |  1977391.71 Dr. |
 25-Jun-2015 | BY CLG BY CLG/8667/99900522/289/032           |   8667 |                 |         6000.00 |  1971391.71 Dr. |
 27-Jun-2015 | BY CLG BY CLG/100011/99900524/1784/032        | 100011 |                 |       500000.00 |  1471391.71 Dr. |
 27-Jun-2015 | TO CASH SATISH B PUNJ                         |   1889 |        45000.00 |                 |  1516391.71 Dr. |
 27-Jun-2015 | BY CASH                                       |        |                 |        45000.00 |  1471391.71 Dr. |
 27-Jun-2015 | TO CASH P BALKRUSHNA                          |   1890 |        53103.00 |                 |  1524494.71 Dr. |
 29-Jun-2015 | BY TRANSFER RENT JUNE-2015~99/02/005640/0054  |        |                 |        55000.00 |  1469494.71 Dr. |
 29-Jun-2015 | TO TRANSFERRENT TDS JUN-2015~99/01/002220/005 |        |         5500.00 |                 |  1474994.71 Dr. |
 29-Jun-2015 | TO CASH SURESH RAMCHAND DHAVAL                |   1891 |        20000.00 |                 |  1494994.71 Dr. |
 29-Jun-2015 | BY CASH                                       |        |                 |        90000.00 |  1404994.71 Dr. |
 29-Jun-2015 | BY CASH                                       |        |                 |        20000.00 |  1384994.71 Dr. |
 30-Jun-2015 | BY:60/10/000005:TD INT CREDIT                 |        |                 |         2850.00 |  1382144.71 Dr. |
 30-Jun-2015 | BY:60/10/000006:TD INT CREDIT                 |        |                 |         4750.00 |  1377394.71 Dr. |
 30-Jun-2015 | BY:60/10/000007:TD INT CREDIT                 |        |                 |         7125.00 |  1370269.71 Dr. |
 30-Jun-2015 | BY:60/10/000008:TD INT CREDIT                 |        |                 |         6295.00 |  1363974.71 Dr. |
 30-Jun-2015 | BY:60/10/000009:TD INT CREDIT                 |        |                 |         4750.00 |  1359224.71 Dr. |
 30-Jun-2015 | BY:60/10/000010:TD INT CREDIT                 |        |                 |        11875.00 |  1347349.71 Dr. |
 30-Jun-2015 | BY:60/10/000011:TD INT CREDIT                 |        |                 |        19000.00 |  1328349.71 Dr. |
 30-Jun-2015 | BY:60/10/000012:TD INT CREDIT                 |        |                 |         3514.00 |  1324835.71 Dr. |
 30-Jun-2015 | BY:60/10/000013:TD INT CREDIT                 |        |                 |         1031.00 |  1323804.71 Dr. |
 30-Jun-2015 | BY:60/10/000017:TD INT CREDIT                 |        |                 |         3553.00 |  1320251.71 Dr. |
 30-Jun-2015 | BY:60/11/000011:TD INT CREDIT                 |        |                 |         2375.00 |  1317876.71 Dr. |
 30-Jun-2015 | BY:60/11/000012:TD INT CREDIT                 |        |                 |         1900.00 |  1315976.71 Dr. |
 30-Jun-2015 | BY:60/11/000013:TD INT CREDIT                 |        |                 |          174.00 |  1315802.71 Dr. |
-----------------------------------------------------------------------------------------------------------------------------

                             MUMBAI DISTRICT CENTRAL CO-OP. BANK LTD.,0054-CHEMBUR COLONY BRANCH                             
              Om Sai Co-Op Credit Society Ltd, Shop No 4 AC,1247 School, Near Golf Club,Chembur ,Mumbai-400074               

Current Date  :13-Feb-2017                                                                                  UserId : REPORT54
Time : 13:04:04 PM                                                                                                Page :5 / 47
                                                    Statement Of Account                                                     
                                              From  01-Apr-2015  to  13-Feb-2017                                             

   Accountno :00541806000001
   Name: SHRI OM SAI COOP CR STY LTD
   Address :4 AC 1247 NEAR DUDHESHWAR MANDIR
   NEAR NATIONAL SARVODAYA HIGHSCHOOL,,DR.C.G.ROAD, CHEMBUR COLONY
   MUMBAI - 400074
   Limit:9630000                                 INR
   Joint Holder:
=============================================================================================================================
 Trans. Date | Particulars                                   | InstNo |      Debit Amt. |     Credit Amt. |         Balance |
=============================================================================================================================
 Opening Bal |                                                                                               1315802.71 Dr. |
 30-Jun-2015 | BY:60/11/000016:TD INT CREDIT                 |        |                 |          119.00 |  1315683.71 Dr. |
 30-Jun-2015 | BY:60/11/000019:TD INT CREDIT                 |        |                 |          238.00 |  1315445.71 Dr. |
 30-Jun-2015 | BY:60/11/000020:TD INT CREDIT                 |        |                 |         3800.00 |  1311645.71 Dr. |
 30-Jun-2015 | BY:60/11/000025:TD INT CREDIT                 |        |                 |          239.00 |  1311406.71 Dr. |
 30-Jun-2015 | BY:60/12/000122:TD INT CREDIT                 |        |                 |         2375.00 |  1309031.71 Dr. |
 30-Jun-2015 | BY:60/12/000128:TD INT CREDIT                 |        |                 |         4750.00 |  1304281.71 Dr. |
 30-Jun-2015 | BY:60/12/000130:TD INT CREDIT                 |        |                 |         4750.00 |  1299531.71 Dr. |
 30-Jun-2015 | BY:60/12/000133:TD INT CREDIT                 |        |                 |        41563.00 |  1257968.71 Dr. |
 30-Jun-2015 | BY:60/12/000134:TD INT CREDIT                 |        |                 |         2375.00 |  1255593.71 Dr. |
 30-Jun-2015 | BY:60/12/000135:TD INT CREDIT                 |        |                 |         4750.00 |  1250843.71 Dr. |
 30-Jun-2015 | BY:60/12/000146:TD INT CREDIT                 |        |                 |          638.00 |  1250205.71 Dr. |
 30-Jun-2015 | BY:60/12/000174:TD INT CREDIT                 |        |                 |          479.00 |  1249726.71 Dr. |
 30-Jun-2015 | BY:60/12/000177:TD INT CREDIT                 |        |                 |         2603.00 |  1247123.71 Dr. |
 30-Jun-2015 | BY CLG BY CLG/933088/99900526/1338/032        | 933088 |                 |        10000.00 |  1237123.71 Dr. |
 30-Jun-2015 | TO CASH SUNITA KRUSHNA VEER                   |   1892 |        20000.00 |                 |  1257123.71 Dr. |
 30-Jun-2015 | TO CASH NATELINA D SOZA                       |   1894 |        15103.00 |                 |  1272226.71 Dr. |
 30-Jun-2015 | BY TRANS 11/06/01 SHRI OM SAI CO-OP CR SOCTY~ |        |                 |        20000.00 |  1252226.71 Dr. |
 30-Jun-2015 | BY CASH                                       |        |                 |       700000.00 |   552226.71 Dr. |
 30-Jun-2015 | TO INTEREST NORMAL(DEBIT) PRODUC              |        |        11807.00 |                 |   564033.71 Dr. |
 01-Jul-2015 | TO CASH ANJALI P MHATRE                       |   1895 |        50000.00 |                 |   614033.71 Dr. |
 01-Jul-2015 | TO CASH SHUKLA SURENDRA                       |   1896 |        36290.00 |                 |   650323.71 Dr. |
 01-Jul-2015 | BY TRANS 10/01/1285 KADAM SIDHARTH L~10/01/00 |        |                 |        10000.00 |   640323.71 Dr. |
 02-Jul-2015 | TO CASH CHANDANI S DHANKE                     |   1899 |        40720.00 |                 |   681043.71 Dr. |
 02-Jul-2015 | TO CASH SHAMBHU JAISWAL                       |   1897 |        36643.00 |                 |   717686.71 Dr. |
 02-Jul-2015 | BY CASH                                       |        |                 |        36643.00 |   681043.71 Dr. |
 03-Jul-2015 | TO - PRADEEP PRABHAKAR MHATR - TO CTSIW CLG   |   1893 |       500000.00 |                 |  1181043.71 Dr. |
 03-Jul-2015 | BY TRA 10/01/1757/SONAVANE S B~10/01/001757/0 |        |                 |         5500.00 |  1175543.71 Dr. |
 06-Jul-2015 | TO CASH MEHEMUD ALAM SHAIKH                   |   1902 |        91200.00 |                 |  1266743.71 Dr. |
 06-Jul-2015 | BY CASH                                       |        |                 |        48000.00 |  1218743.71 Dr. |
 07-Jul-2015 | BY CLG BY CLG/749932/99900532/1520/032        | 749932 |                 |        17000.00 |  1201743.71 Dr. |
 07-Jul-2015 | BY CLG BY CLG/709573/99900532/1559/032        | 709573 |                 |         5500.00 |  1196243.71 Dr. |
 07-Jul-2015 | BY CLG BY CLG/58467/99900532/1540/032         |  58467 |                 |        10000.00 |  1186243.71 Dr. |
 07-Jul-2015 | BY SI:10\01\001813                            |        |                 |        12000.00 |  1174243.71 Dr. |
 07-Jul-2015 | BY TRA 10/01/1696/1681/09/6044~10/01/001696/0 |        |                 |        25900.00 |  1148343.71 Dr. |
 07-Jul-2015 | TO CASH KISHOR N KENI                         |   1907 |        35301.00 |                 |  1183644.71 Dr. |
 07-Jul-2015 | TO TRA 10/01/1827/MORE ABHIJIT  D~10/01/00182 |   1903 |       450000.00 |                 |  1633644.71 Dr. |
 07-Jul-2015 | BY CASH                                       |        |                 |        50000.00 |  1583644.71 Dr. |
 09-Jul-2015 | BY CLG BY CLG/10893/99900534/68/032           |  10893 |                 |        46302.00 |  1537342.71 Dr. |
 09-Jul-2015 | BY CLG BY CLG/10862/99900534/63/032           |  10862 |                 |        21245.00 |  1516097.71 Dr. |
 09-Jul-2015 | BY CLG BY CLG/1250/99900534/96/032            |   1250 |                 |        57603.00 |  1458494.71 Dr. |
 09-Jul-2015 | BY CLG BY CLG/10894/99900534/83/032           |  10894 |                 |        55034.00 |  1403460.71 Dr. |
 09-Jul-2015 | TO - M/S  SAGAR ENTERPRISES - TO CTSIW CLG :  |   1900 |        50400.00 |                 |  1453860.71 Dr. |
 10-Jul-2015 | TO TRANSFER ,50/17/5,6,7 INT RECIVED~50/17/00 |        |       194734.00 |                 |  1648594.71 Dr. |
 11-Jul-2015 | TO - THE YASHAWANT COOP BANK - TO CTSIW CLG   |   1898 |         3500.00 |                 |  1652094.71 Dr. |
 13-Jul-2015 | TO CASH JAGIRSINGH CHOHAN                     |   1906 |        17038.00 |                 |  1669132.71 Dr. |
 13-Jul-2015 | BY TRANS 54/11/06/01 SHRI OM SAI CO OP CR~11/ |        |                 |       445000.00 |  1224132.71 Dr. |
 13-Jul-2015 | BY CASH                                       |        |                 |       100000.00 |  1124132.71 Dr. |
 14-Jul-2015 | BY CASH                                       |        |                 |       120000.00 |  1004132.71 Dr. |
-----------------------------------------------------------------------------------------------------------------------------

                             MUMBAI DISTRICT CENTRAL CO-OP. BANK LTD.,0054-CHEMBUR COLONY BRANCH                             
              Om Sai Co-Op Credit Society Ltd, Shop No 4 AC,1247 School, Near Golf Club,Chembur ,Mumbai-400074               

Current Date  :13-Feb-2017                                                                                  UserId : REPORT54
Time : 13:04:04 PM                                                                                                Page :6 / 47
                                                    Statement Of Account                                                     
                                              From  01-Apr-2015  to  13-Feb-2017                                             

   Accountno :00541806000001
   Name: SHRI OM SAI COOP CR STY LTD
   Address :4 AC 1247 NEAR DUDHESHWAR MANDIR
   NEAR NATIONAL SARVODAYA HIGHSCHOOL,,DR.C.G.ROAD, CHEMBUR COLONY
   MUMBAI - 400074
   Limit:9630000                                 INR
   Joint Holder:
=============================================================================================================================
 Trans. Date | Particulars                                   | InstNo |      Debit Amt. |     Credit Amt. |         Balance |
=============================================================================================================================
 Opening Bal |                                                                                               1004132.71 Dr. |
 16-Jul-2015 | BY TRF:-60/07/002124                          |        |                 |        13916.00 |   990216.71 Dr. |
 17-Jul-2015 | TO TR 60/53/144/SHRI OM SAI STY~60/53/000144/ |        |        14000.00 |                 |  1004216.71 Dr. |
 20-Jul-2015 | BY:60/10/000005:TD INT CREDIT                 |        |                 |          632.00 |  1003584.71 Dr. |
 20-Jul-2015 | BY CASH                                       |        |                 |       500000.00 |   503584.71 Dr. |
 20-Jul-2015 | BY CASH                                       |        |                 |       500000.00 |     3584.71 Dr. |
 20-Jul-2015 | BY CASH                                       |        |                 |       500000.00 |       496415.29 |
 20-Jul-2015 | BY CASH                                       |        |                 |       500000.00 |       996415.29 |
 20-Jul-2015 | TO - BALAJI MACHINES SERVICE - INES SERVIC/8  |   1905 |         2400.00 |                 |       994015.29 |
 20-Jul-2015 | TO - THE NEW INDIA ASSURANCE - INDIA ASSURAN  |   1908 |         5331.00 |                 |       988684.29 |
 20-Jul-2015 | TO SI:50/09/5                                 |        |       183500.00 |                 |       805184.29 |
 20-Jul-2015 | TO SI:50/09/6                                 |        |       315000.00 |                 |       490184.29 |
 20-Jul-2015 | TO SI:50/09/7 SHRI OMSAI COOP CR STY          |        |        18000.00 |                 |       472184.29 |
 20-Jul-2015 | TO SI:50/09/7 SHRI OMSAI CR STY               |        |        19400.00 |                 |       452784.29 |
 20-Jul-2015 | TO SI:50/09/7 SHRI OMSAI COOP CR STY          |        |         9500.00 |                 |       443284.29 |
 20-Jul-2015 | TO SI:50/09/7 SHRI OMSAI COOP CR STY          |        |        29000.00 |                 |       414284.29 |
 20-Jul-2015 | TO DHAMENDRA SAHADEV SINGN                    |   1910 |        45600.00 |                 |       368684.29 |
 20-Jul-2015 | TO YOUGESH VISHNU GHUMRE                      |   1909 |       152435.00 |                 |       216249.29 |
 20-Jul-2015 | BY CASH                                       |        |                 |       200000.00 |       416249.29 |
 21-Jul-2015 | BY CASH                                       |        |                 |        40000.00 |       456249.29 |
 21-Jul-2015 | BY CASH                                       |        |                 |        40000.00 |       496249.29 |
 21-Jul-2015 | BY CASH                                       |        |                 |        70000.00 |       566249.29 |
 21-Jul-2015 | BY CASH                                       |        |                 |        50000.00 |       616249.29 |
 21-Jul-2015 | BY CASH                                       |        |                 |       100000.00 |       716249.29 |
 21-Jul-2015 | BY CASH                                       |        |                 |       200000.00 |       916249.29 |
 22-Jul-2015 | BY CASH                                       |        |                 |       150500.00 |      1066749.29 |
 22-Jul-2015 | BY CASH                                       |        |                 |       150000.00 |      1216749.29 |
 22-Jul-2015 | BY CASH                                       |        |                 |       120000.00 |      1336749.29 |
 22-Jul-2015 | BY CASH                                       |        |                 |        80000.00 |      1416749.29 |
 22-Jul-2015 | BY CASH                                       |        |                 |       280000.00 |      1696749.29 |
 22-Jul-2015 | BY CASH                                       |        |                 |       220000.00 |      1916749.29 |
 22-Jul-2015 | BY CASH                                       |        |                 |       250000.00 |      2166749.29 |
 22-Jul-2015 | BY CASH                                       |        |                 |       200000.00 |      2366749.29 |
 23-Jul-2015 | BY CASH                                       |        |                 |       110000.00 |      2476749.29 |
 23-Jul-2015 | BY CASH                                       |        |                 |        85000.00 |      2561749.29 |
 23-Jul-2015 | BY CASH                                       |        |                 |         9000.00 |      2570749.29 |
 23-Jul-2015 | BY CASH                                       |        |                 |        96000.00 |      2666749.29 |
 24-Jul-2015 | BY CLG BY CLG/17004/99900546/1318/032         |  17004 |                 |         9000.00 |      2675749.29 |
 24-Jul-2015 | BY CASH                                       |        |                 |       100000.00 |      2775749.29 |
 24-Jul-2015 | BY CASH                                       |        |                 |       100000.00 |      2875749.29 |
 24-Jul-2015 | BY CASH                                       |        |                 |       100000.00 |      2975749.29 |
 24-Jul-2015 | TO CASH NAVNATH SHIKHARE                      |   1918 |       152219.00 |                 |      2823530.29 |
 24-Jul-2015 | TO SANTOSH SHIKHARE                           |   1917 |       152188.00 |                 |      2671342.29 |
 24-Jul-2015 | BY CASH                                       |        |                 |       305000.00 |      2976342.29 |
 24-Jul-2015 | BY CASH                                       |        |                 |        31500.00 |      3007842.29 |
 24-Jul-2015 | TO TRANS 60/53/147 SHRI OM SAI~60/53/000147/0 |   1920 |       500000.00 |                 |      2507842.29 |
 24-Jul-2015 | TO TRANS 60/53/145 SHRI OM SAI~60/53/000145/0 |   1912 |       500000.00 |                 |      2007842.29 |
 24-Jul-2015 | TO TRANS 60/53/146 SHRI OM SAI~60/53/000146/0 |   1919 |       500000.00 |                 |      1507842.29 |
 24-Jul-2015 | TO TRANS 60/53/148 SHRI OM SAI~60/53/000148/0 |   1913 |       500000.00 |                 |      1007842.29 |
-----------------------------------------------------------------------------------------------------------------------------

                             MUMBAI DISTRICT CENTRAL CO-OP. BANK LTD.,0054-CHEMBUR COLONY BRANCH                             
              Om Sai Co-Op Credit Society Ltd, Shop No 4 AC,1247 School, Near Golf Club,Chembur ,Mumbai-400074               

Current Date  :13-Feb-2017                                                                                  UserId : REPORT54
Time : 13:04:04 PM                                                                                                Page :7 / 47
                                                    Statement Of Account                                                     
                                              From  01-Apr-2015  to  13-Feb-2017                                             

   Accountno :00541806000001
   Name: SHRI OM SAI COOP CR STY LTD
   Address :4 AC 1247 NEAR DUDHESHWAR MANDIR
   NEAR NATIONAL SARVODAYA HIGHSCHOOL,,DR.C.G.ROAD, CHEMBUR COLONY
   MUMBAI - 400074
   Limit:9630000                                 INR
   Joint Holder:
=============================================================================================================================
 Trans. Date | Particulars                                   | InstNo |      Debit Amt. |     Credit Amt. |         Balance |
=============================================================================================================================
 Opening Bal |                                                                                                   1007842.29 |
 25-Jul-2015 | BY CASH                                       |        |                 |       100000.00 |      1107842.29 |
 25-Jul-2015 | BY CASH                                       |        |                 |        50000.00 |      1157842.29 |
 25-Jul-2015 | BY CASH                                       |        |                 |       150000.00 |      1307842.29 |
 27-Jul-2015 | BY CASH                                       |        |                 |       100000.00 |      1407842.29 |
 27-Jul-2015 | BY CASH                                       |        |                 |       150000.00 |      1557842.29 |
 27-Jul-2015 | BY CASH                                       |        |                 |       150000.00 |      1707842.29 |
 27-Jul-2015 | BY CASH                                       |        |                 |       150000.00 |      1857842.29 |
 27-Jul-2015 | BY CASH                                       |        |                 |       150000.00 |      2007842.29 |
 27-Jul-2015 | TO CASH KUMAR NALLU RAMSWAMI                  |   1921 |       500000.00 |                 |      1507842.29 |
 27-Jul-2015 | BY CASH                                       |        |                 |        65000.00 |      1572842.29 |
 28-Jul-2015 | TO CASH NAVIN VASANT GHUMARE                  |   1922 |       152743.00 |                 |      1420099.29 |
 28-Jul-2015 | TO CASH GAUTAM S SHINDE                       |   1923 |       152466.00 |                 |      1267633.29 |
 28-Jul-2015 | BY CASH                                       |        |                 |       305209.00 |      1572842.29 |
 28-Jul-2015 | BY CASH                                       |        |                 |       114000.00 |      1686842.29 |
 29-Jul-2015 | BY TRAN 99/02/5640/ RENT PAID MONTH OF JULY20 |        |                 |        55000.00 |      1741842.29 |
 29-Jul-2015 | TO TRA 99/01/2220/TDS PAYABLE A/C~99/01/00222 |        |         5500.00 |                 |      1736342.29 |
 29-Jul-2015 | TO TRA 10/01/1829/VALU B HIRE~10/01/001829/00 |   1924 |       500000.00 |                 |      1236342.29 |
 29-Jul-2015 | BY CASH                                       |        |                 |        60000.00 |      1296342.29 |
 29-Jul-2015 | BY CASH                                       |        |                 |        50000.00 |      1346342.29 |
 30-Jul-2015 | BY CLG BY CLG/8952/99900551/1366/032          |   8952 |                 |         6000.00 |      1352342.29 |
 31-Jul-2015 | TO INTEREST NORMAL(DEBIT) PRODUC              |        |         5931.00 |                 |      1346411.29 |
 01-Aug-2015 | BY TRA 10/06/01/WRONG CASH DEP~10/06/000001/0 |        |                 |       215000.00 |      1561411.29 |
 03-Aug-2015 | BY TRANS KADAM SIDHARNATH LAXMAN 10/01/1285~1 |        |                 |         5000.00 |      1566411.29 |
 03-Aug-2015 | TO - PERFECT INFOTECH - INFOTECH/8000582\192  |   1925 |        71000.00 |                 |      1495411.29 |
 03-Aug-2015 | TO CASH SACHIN R SHIKHARE                     |   1928 |       121109.00 |                 |      1374302.29 |
 03-Aug-2015 | BY CASH                                       |        |                 |       121109.00 |      1495411.29 |
 03-Aug-2015 | BY TRANSFER 10/01/1285/KADAM SIDHARTH LAXMAN  |        |                 |         5000.00 |      1500411.29 |
 04-Aug-2015 | BY CLG BY CLG/11157/99900555/1570/032         |  11157 |                 |        21367.00 |      1521778.29 |
 04-Aug-2015 | BY TRAN 09/10/01/6044/54/10/01/1681~10/01/006 |        |                 |        19400.00 |      1541178.29 |
 04-Aug-2015 | TO TR. 10/01/3007~10/01/003007/0027           |   1930 |       500000.00 |                 |      1041178.29 |
 04-Aug-2015 | BY CASH/0027                                  |        |                 |       300000.00 |      1341178.29 |
 05-Aug-2015 | TO - MTNL - TO CTSIW CLG : 8000584/MTNL/8000  |   1926 |         1000.00 |                 |      1340178.29 |
 05-Aug-2015 | BY CASH                                       |        |                 |       180000.00 |      1520178.29 |
 05-Aug-2015 | TO CASH PUSHKAR AUTO PARK                     |   1931 |        65732.00 |                 |      1454446.29 |
 05-Aug-2015 | BY TRANS 54/10/01/1696 KHAN SHAFIQ~10/01/0016 |        |                 |         3000.00 |      1457446.29 |
 05-Aug-2015 | BY TRANS 54/10/01/1813 GAIKWAD SUPRIYA~10/01/ |        |                 |        12000.00 |      1469446.29 |
 05-Aug-2015 | BY TRANS 54/10/01/1757 SONAWANE SHASHIKANT B~ |        |                 |         5500.00 |      1474946.29 |
 06-Aug-2015 | BY CLG BY CLG/576761/99900557/1722/032        | 576761 |                 |         7000.00 |      1481946.29 |
 06-Aug-2015 | BY TRANS 54/10/01/1693 BORDE INST OF JULY AUG |        |                 |         7000.00 |      1488946.29 |
 07-Aug-2015 | BY ECS 030 MUN.CORPORATION                    |        |                 |       247954.00 |      1736900.29 |
 07-Aug-2015 | TO TRAN 10/01/1826/ZADAGE REKHA SUDAM~10/01/0 |   1932 |       220000.00 |                 |      1516900.29 |
 07-Aug-2015 | BY CLG BY CLG/709574/99900558/327/032         | 709574 |                 |         5500.00 |      1522400.29 |
 07-Aug-2015 | BY CLG BY CLG/933089/99900558/324/032         | 933089 |                 |        10000.00 |      1532400.29 |
 07-Aug-2015 | BY CLG BY CLG/58468/99900558/326/032          |  58468 |                 |        10000.00 |      1542400.29 |
 08-Aug-2015 | BY:60/10/000006:TD INT CREDIT                 |        |                 |         2043.00 |      1544443.29 |
 08-Aug-2015 | BY CLG BY CLG/1281/99900559/1430/032          |   1281 |                 |        78823.00 |      1623266.29 |
 08-Aug-2015 | BY CLG BY CLG/1288/99900559/1405/032          |   1288 |                 |        58508.00 |      1681774.29 |
 08-Aug-2015 | BY CLG BY CLG/743/99900559/1378/032           |    743 |                 |        81308.00 |      1763082.29 |
-----------------------------------------------------------------------------------------------------------------------------

                             MUMBAI DISTRICT CENTRAL CO-OP. BANK LTD.,0054-CHEMBUR COLONY BRANCH                             
              Om Sai Co-Op Credit Society Ltd, Shop No 4 AC,1247 School, Near Golf Club,Chembur ,Mumbai-400074               

Current Date  :13-Feb-2017                                                                                  UserId : REPORT54
Time : 13:04:04 PM                                                                                                Page :8 / 47
                                                    Statement Of Account                                                     
                                              From  01-Apr-2015  to  13-Feb-2017                                             

   Accountno :00541806000001
   Name: SHRI OM SAI COOP CR STY LTD
   Address :4 AC 1247 NEAR DUDHESHWAR MANDIR
   NEAR NATIONAL SARVODAYA HIGHSCHOOL,,DR.C.G.ROAD, CHEMBUR COLONY
   MUMBAI - 400074
   Limit:9630000                                 INR
   Joint Holder:
=============================================================================================================================
 Trans. Date | Particulars                                   | InstNo |      Debit Amt. |     Credit Amt. |         Balance |
=============================================================================================================================
 Opening Bal |                                                                                                   1763082.29 |
 08-Aug-2015 | BY CASH                                       |        |                 |        90000.00 |      1853082.29 |
 10-Aug-2015 | TO TRAN 10/01/1828/BANGALE M R~10/01/001828/0 |   1934 |       500000.00 |                 |      1353082.29 |
 10-Aug-2015 | BY CASH                                       |        |                 |        30000.00 |      1383082.29 |
 10-Aug-2015 | TO ASHOK KUMAR GUPTA                          |   1935 |        50000.00 |                 |      1333082.29 |
 10-Aug-2015 | TO TRA 50/17/05/LOAN INT.SHRI OM SAI STY~50/1 |        |        44631.00 |                 |      1288451.29 |
 10-Aug-2015 | TO TRAN 50/17/06/SHRI OM SAI STY~50/17/000006 |        |        98415.00 |                 |      1190036.29 |
 10-Aug-2015 | TO TRAN 50/17/07/SHRI OM SAI STY~50/17/000007 |        |        52506.00 |                 |      1137530.29 |
 11-Aug-2015 | BY CLG BY CLG/189995/99900561/1759/032        | 189995 |                 |         5000.00 |      1142530.29 |
 11-Aug-2015 | BY CLG BY CLG/749934/99900561/68/032          | 749934 |                 |        15000.00 |      1157530.29 |
 11-Aug-2015 | BY CLG BY CLG/611233/99900561/69/032          | 611233 |                 |        11000.00 |      1168530.29 |
 11-Aug-2015 | TO JAYPRAKASH TRIBHUVANDAS PADE               |   1936 |       150000.00 |                 |      1018530.29 |
 11-Aug-2015 | BY CASH                                       |        |                 |        10000.00 |      1028530.29 |
 11-Aug-2015 | BY CASH                                       |        |                 |        27370.00 |      1055900.29 |
 12-Aug-2015 | BY TRAN 99/011200/ECS ADVICE NO.779           |        |                 |        12000.00 |      1067900.29 |
 12-Aug-2015 | BY TRANS 54/10/01/1829 HIRE VALU B~10/01/0018 |        |                 |        12000.00 |      1079900.29 |
 13-Aug-2015 | BY CLG BY CLG/179621/99900563/365/032         | 179621 |                 |         3000.00 |      1082900.29 |
 13-Aug-2015 | TO - SAI SIDDHI SYSTEM   SOL - TO CTSIW CLG   |   1933 |         7000.00 |                 |      1075900.29 |
 13-Aug-2015 | TO TR.MANKHURD BR.11/06/12~11/06/000012/0030  |   1927 |         2000.00 |                 |      1073900.29 |
 13-Aug-2015 | ToBouncing99900563/365/18 06 000001-179621    |        |         3000.00 |                 |      1070900.29 |
 13-Aug-2015 | ToFUNDS INSU99900563/365/1806-179621          |        |          285.00 |                 |      1070615.29 |
 14-Aug-2015 | BY CLG BY CLG/296209/99900564/389/032         | 296209 |                 |         5000.00 |      1075615.29 |
 14-Aug-2015 | TO CASH DHIRAJ SANITARY                       |   1937 |        24783.00 |                 |      1050832.29 |
 14-Aug-2015 | BY CASH                                       |        |                 |        24783.00 |      1075615.29 |
 17-Aug-2015 | BY CASH                                       |        |                 |        55000.00 |      1130615.29 |
 19-Aug-2015 | TO SI:50/09/5                                 |        |       183500.00 |                 |       947115.29 |
 19-Aug-2015 | TO SI:50/09/6                                 |        |       315000.00 |                 |       632115.29 |
 19-Aug-2015 | TO SI:50/09/7 SHRI OMSAI COOP CR STY          |        |        18000.00 |                 |       614115.29 |
 19-Aug-2015 | TO SI:50/09/7 SHRI OMSAI CR STY               |        |        19400.00 |                 |       594715.29 |
 19-Aug-2015 | TO SI:50/09/7 SHRI OMSAI COOP CR STY          |        |         9500.00 |                 |       585215.29 |
 19-Aug-2015 | TO SI:50/09/7 SHRI OMSAI COOP CR STY          |        |        29000.00 |                 |       556215.29 |
 19-Aug-2015 | BY ECS 030 MUN.CORPORATION                    |        |                 |       136016.00 |       692231.29 |
 19-Aug-2015 | BY CASH                                       |        |                 |       300000.00 |       992231.29 |
 20-Aug-2015 | TO - MTNL MUMBAI LANDLINE - INE/8000596\1929  |   1929 |         1934.00 |                 |       990297.29 |
 21-Aug-2015 | TO CASH MUKESH V GHUMARE                      |   1939 |       200000.00 |                 |       790297.29 |
 21-Aug-2015 | BY CASH                                       |        |                 |       200000.00 |       990297.29 |
 22-Aug-2015 | TO CASH KANTILAL K RATHOD                     |   1940 |        30000.00 |                 |       960297.29 |
 22-Aug-2015 | TO TRA 30/11/06/12/SHRI OM SAI STY~11/06/0000 |   1943 |       285000.00 |                 |       675297.29 |
 22-Aug-2015 | TO CASH PARMAR HEMANT                         |   1944 |       400000.00 |                 |       275297.29 |
 22-Aug-2015 | TO CASH PARMAR GANESH                         |   1945 |        22400.00 |                 |       252897.29 |
 24-Aug-2015 | TO CASH CHAPRIYA LAXMIBAI                     |   1946 |        35000.00 |                 |       217897.29 |
 24-Aug-2015 | TO CASH MEHUL PREMJI RANVA                    |   1938 |        20000.00 |                 |       197897.29 |
 24-Aug-2015 | BY CASH                                       |        |                 |        20000.00 |       217897.29 |
 24-Aug-2015 | BY TRANS 54/11/06/01 SHRI OM SAI CO-OP CR SOC |        |                 |        40000.00 |       257897.29 |
 24-Aug-2015 | TO CASH KADAM KISHOR S                        |   1948 |       130000.00 |                 |       127897.29 |
 26-Aug-2015 | TO 60/55/16 SHRI OM SAI~60/55/000016/0054     |   1949 |       250000.00 |                 |   122102.71 Dr. |
 27-Aug-2015 | BY TRANSFERRENT BR PRIMISES AUG-2015~99/02/00 |        |                 |        55000.00 |    67102.71 Dr. |
 27-Aug-2015 | TO TRANSFER RENT TDS AUG-2015~99/01/002220/00 |        |         5500.00 |                 |    72602.71 Dr. |
 27-Aug-2015 | TO TRAN16/13/10/241~13/10/000241/0016         |   1950 |        12161.00 |                 |    84763.71 Dr. |
-----------------------------------------------------------------------------------------------------------------------------

                             MUMBAI DISTRICT CENTRAL CO-OP. BANK LTD.,0054-CHEMBUR COLONY BRANCH                             
              Om Sai Co-Op Credit Society Ltd, Shop No 4 AC,1247 School, Near Golf Club,Chembur ,Mumbai-400074               

Current Date  :13-Feb-2017                                                                                  UserId : REPORT54
Time : 13:04:04 PM                                                                                                Page :9 / 47
                                                    Statement Of Account                                                     
                                              From  01-Apr-2015  to  13-Feb-2017                                             

   Accountno :00541806000001
   Name: SHRI OM SAI COOP CR STY LTD
   Address :4 AC 1247 NEAR DUDHESHWAR MANDIR
   NEAR NATIONAL SARVODAYA HIGHSCHOOL,,DR.C.G.ROAD, CHEMBUR COLONY
   MUMBAI - 400074
   Limit:9630000                                 INR
   Joint Holder:
=============================================================================================================================
 Trans. Date | Particulars                                   | InstNo |      Debit Amt. |     Credit Amt. |         Balance |
=============================================================================================================================
 Opening Bal |                                                                                                 84763.71 Dr. |
 28-Aug-2015 | BY CLG BY CLG/18757/99900574/234/032          |  18757 |                 |         3000.00 |    81763.71 Dr. |
 28-Aug-2015 | TO CASH SUREKHA S THORAT                      |   1951 |        26000.00 |                 |   107763.71 Dr. |
 28-Aug-2015 | TO CASH VISHNU G GHUMARE                      |   1952 |        50000.00 |                 |   157763.71 Dr. |
 28-Aug-2015 | BY CASH                                       |        |                 |        76000.00 |    81763.71 Dr. |
 31-Aug-2015 | BY CLG BY CLG/100002/99900576/299/032         | 100002 |                 |         4000.00 |    77763.71 Dr. |
 31-Aug-2015 | TO CASH DHERE ATUL D                          |   1947 |        21000.00 |                 |    98763.71 Dr. |
 31-Aug-2015 | BY CASH                                       |        |                 |        21000.00 |    77763.71 Dr. |
 31-Aug-2015 | BY CASH                                       |        |                 |        15000.00 |    62763.71 Dr. |
 31-Aug-2015 | TO INTEREST NORMAL(DEBIT) PRODUC              |        |          134.00 |                 |    62897.71 Dr. |
 01-Sep-2015 | BY TRAN 10/01/1285/  KADAM  S L~10/01/001285/ |        |                 |         5000.00 |    57897.71 Dr. |
 02-Sep-2015 | BY TRANS 54/10/01/1757 SONAWANE SHASHIKANT B~ |        |                 |         5500.00 |    52397.71 Dr. |
 02-Sep-2015 | BY ECS 030 MUN.CORPORATION                    |        |                 |         5970.00 |    46427.71 Dr. |
 03-Sep-2015 | BY TRANS 0009/10/01/6044 BURAMBADKAR MADAN    |        |                 |        10000.00 |    36427.71 Dr. |
 04-Sep-2015 | BY CLG BY CLG/749933/99900580/1587/032        | 749933 |                 |        13000.00 |    23427.71 Dr. |
 04-Sep-2015 | BY CLG BY CLG/11351/99900580/1198/032         |  11351 |                 |        21357.00 |     2070.71 Dr. |
 04-Sep-2015 | BY CASH                                       |        |                 |       100000.00 |        97929.29 |
 05-Sep-2015 | BY CLG BY CLG/60/99900581/1607/032            |     60 |                 |        15000.00 |       112929.29 |
 05-Sep-2015 | TO TRANS 54/10/01/1839 WAGHELA DAYA K~10/01/0 |   1954 |       100000.00 |                 |        12929.29 |
 05-Sep-2015 | BY CASH                                       |        |                 |        10000.00 |        22929.29 |
 05-Sep-2015 | BY TRANS 54/10/01/1696 KHAN SHAFIQ~10/01/0016 |        |                 |         3000.00 |        25929.29 |
 07-Sep-2015 | TO CASH VARMA RAMSHANKAR                      |   1955 |        13900.00 |                 |        12029.29 |
 07-Sep-2015 | BY CLG BY CLG/58470/99900582/1572/032         |  58470 |                 |        10000.00 |        22029.29 |
 08-Sep-2015 | BY SI:10\01\001813                            |        |                 |        12000.00 |        34029.29 |
 08-Sep-2015 | BY CLG BY CLG/2307/99900583/1587/032          |   2307 |                 |        42612.00 |        76641.29 |
 08-Sep-2015 | BY CLG BY CLG/1309/99900583/1664/032          |   1309 |                 |        33162.00 |       109803.29 |
 08-Sep-2015 | BY CLG BY CLG/576762/99900583/1662/032        | 576762 |                 |         7000.00 |       116803.29 |
 08-Sep-2015 | BY CLG BY CLG/1319/99900583/1566/032          |   1319 |                 |        37006.00 |       153809.29 |
 08-Sep-2015 | BY CLG BY CLG/752/99900583/1658/032           |    752 |                 |        81534.00 |       235343.29 |
 08-Sep-2015 | BY TRANS 54/10/01/1828 BANGALE MARUTI~10/01/0 |        |                 |        11000.00 |       246343.29 |
 08-Sep-2015 | BY TRANS ECS WAGHELA KISHAN D~99/01/001200/00 |        |                 |         3500.00 |       249843.29 |
 09-Sep-2015 | BY CLG BY CLG/9162/99900584/277/032           |   9162 |                 |         6000.00 |       255843.29 |
 09-Sep-2015 | BY TRANS 54/11/06/01 SHRI OM SAI CO-OP CR SOC |        |                 |       330000.00 |       585843.29 |
 10-Sep-2015 | BY SI:10\01\001829                            |        |                 |        12000.00 |       597843.29 |
 10-Sep-2015 | TO TRANS FIX LOAN INT 50/17- 05,06,07~50/17/0 |        |       189618.00 |                 |       408225.29 |
 10-Sep-2015 | TO - VAISHALI  JITENDRA BEDM - TO CTSIW CLG   |   1956 |       150000.00 |                 |       258225.29 |
 14-Sep-2015 | BY TRANS KUMAR NALLU RAMSWAMI ECS~99/01/00120 |        |                 |        12000.00 |       270225.29 |
 14-Sep-2015 | TO - PERFECT INFOTECH - INFOTECH/8000616\195  |   1953 |         7150.00 |                 |       263075.29 |
 14-Sep-2015 | TO CASH PATANSHETTY MAHESH S                  |   1960 |        20000.00 |                 |       243075.29 |
 14-Sep-2015 | TO CASH D.S.JADHAV                            |   1958 |        54833.00 |                 |       188242.29 |
 14-Sep-2015 | BY CASH                                       |        |                 |        54833.00 |       243075.29 |
 14-Sep-2015 | BY CASH                                       |        |                 |        65000.00 |       308075.29 |
 15-Sep-2015 | BY CLG BY CLG/611416/99900588/1870/032        | 611416 |                 |         2164.00 |       310239.29 |
 15-Sep-2015 | TO TRANS 54/10/01/1659 SEVAK JAYANTILAL J~10/ |   1959 |        75000.00 |                 |       235239.29 |
 15-Sep-2015 | TO - PARAMJEET KAUR MACHRA - TO CTSIW CLG :   |   1957 |        48515.00 |                 |       186724.29 |
 18-Sep-2015 | BY CASH                                       |        |                 |        54450.00 |       241174.29 |
 19-Sep-2015 | TO CASH MAHINDRA SING MACHARA                 |   1961 |        25303.00 |                 |       215871.29 |
 19-Sep-2015 | TO SI:50/09/5                                 |        |       183500.00 |                 |        32371.29 |
 19-Sep-2015 | TO SI:50/09/6                                 |        |       315000.00 |                 |   282628.71 Dr. |
-----------------------------------------------------------------------------------------------------------------------------

                             MUMBAI DISTRICT CENTRAL CO-OP. BANK LTD.,0054-CHEMBUR COLONY BRANCH                             
              Om Sai Co-Op Credit Society Ltd, Shop No 4 AC,1247 School, Near Golf Club,Chembur ,Mumbai-400074               

Current Date  :13-Feb-2017                                                                                  UserId : REPORT54
Time : 13:04:04 PM                                                                                               Page :10 / 47
                                                    Statement Of Account                                                     
                                              From  01-Apr-2015  to  13-Feb-2017                                             

   Accountno :00541806000001
   Name: SHRI OM SAI COOP CR STY LTD
   Address :4 AC 1247 NEAR DUDHESHWAR MANDIR
   NEAR NATIONAL SARVODAYA HIGHSCHOOL,,DR.C.G.ROAD, CHEMBUR COLONY
   MUMBAI - 400074
   Limit:9630000                                 INR
   Joint Holder:
=============================================================================================================================
 Trans. Date | Particulars                                   | InstNo |      Debit Amt. |     Credit Amt. |         Balance |
=============================================================================================================================
 Opening Bal |                                                                                                282628.71 Dr. |
 19-Sep-2015 | TO SI:50/09/7 SHRI OMSAI COOP CR STY          |        |        18000.00 |                 |   300628.71 Dr. |
 19-Sep-2015 | TO SI:50/09/7 SHRI OMSAI CR STY               |        |        19400.00 |                 |   320028.71 Dr. |
 19-Sep-2015 | TO SI:50/09/7 SHRI OMSAI COOP CR STY          |        |         9500.00 |                 |   329528.71 Dr. |
 19-Sep-2015 | TO SI:50/09/7 SHRI OMSAI COOP CR STY          |        |        29000.00 |                 |   358528.71 Dr. |
 19-Sep-2015 | BY CASH                                       |        |                 |        25300.00 |   333228.71 Dr. |
 22-Sep-2015 | BY:60/12/000146:TD INT CREDIT                 |        |                 |          578.00 |   332650.71 Dr. |
 23-Sep-2015 | BY CASH                                       |        |                 |        67200.00 |   265450.71 Dr. |
 23-Sep-2015 | TO TRANS ECS PRO CHR  FTR FR JUL TO SEP 2015~ |        |            6.00 |                 |   265456.71 Dr. |
 24-Sep-2015 | TO CASH DHARAMRAJ B KAMBLE                    |   1962 |        26000.00 |                 |   291456.71 Dr. |
 28-Sep-2015 | TO CASH PRAJAPATI SURESH R                    |   1963 |        25399.00 |                 |   316855.71 Dr. |
 28-Sep-2015 | BY CASH                                       |        |                 |        25399.00 |   291456.71 Dr. |
 28-Sep-2015 | BY CASH                                       |        |                 |       112140.00 |   179316.71 Dr. |
 28-Sep-2015 | TO TRANS 10/01/1848 JAGTAP JITENDRA~10/01/001 |   1964 |       500000.00 |                 |   679316.71 Dr. |
 29-Sep-2015 | BY TRANS RENT PAID MONTH OF SEP 2015~99/02/00 |        |                 |        55000.00 |   624316.71 Dr. |
 29-Sep-2015 | TO TRANS TDS RENT PAID SEP 2015~99/01/002220/ |        |         5500.00 |                 |   629816.71 Dr. |
 29-Sep-2015 | BY CASH                                       |        |                 |       170000.00 |   459816.71 Dr. |
 30-Sep-2015 | BY:60/10/000007:TD INT CREDIT                 |        |                 |         7125.00 |   452691.71 Dr. |
 30-Sep-2015 | BY:60/10/000008:TD INT CREDIT                 |        |                 |         6295.00 |   446396.71 Dr. |
 30-Sep-2015 | BY:60/10/000009:TD INT CREDIT                 |        |                 |         4750.00 |   441646.71 Dr. |
 30-Sep-2015 | BY:60/10/000010:TD INT CREDIT                 |        |                 |        11875.00 |   429771.71 Dr. |
 30-Sep-2015 | BY:60/10/000011:TD INT CREDIT                 |        |                 |        19000.00 |   410771.71 Dr. |
 30-Sep-2015 | BY:60/10/000012:TD INT CREDIT                 |        |                 |         3563.00 |   407208.71 Dr. |
 30-Sep-2015 | BY:60/10/000013:TD INT CREDIT                 |        |                 |         1045.00 |   406163.71 Dr. |
 30-Sep-2015 | BY:60/10/000017:TD INT CREDIT                 |        |                 |         4156.00 |   402007.71 Dr. |
 30-Sep-2015 | BY:60/10/000019:TD INT CREDIT                 |        |                 |         2160.00 |   399847.71 Dr. |
 30-Sep-2015 | BY:60/10/000020:TD INT CREDIT                 |        |                 |         2589.00 |   397258.71 Dr. |
 30-Sep-2015 | BY:60/10/000021:TD INT CREDIT                 |        |                 |          479.00 |   396779.71 Dr. |
 30-Sep-2015 | BY:60/11/000011:TD INT CREDIT                 |        |                 |         2375.00 |   394404.71 Dr. |
 30-Sep-2015 | BY:60/11/000012:TD INT CREDIT                 |        |                 |         1900.00 |   392504.71 Dr. |
 30-Sep-2015 | BY:60/11/000013:TD INT CREDIT                 |        |                 |          174.00 |   392330.71 Dr. |
 30-Sep-2015 | BY:60/11/000016:TD INT CREDIT                 |        |                 |          119.00 |   392211.71 Dr. |
 30-Sep-2015 | BY:60/11/000019:TD INT CREDIT                 |        |                 |          238.00 |   391973.71 Dr. |
 30-Sep-2015 | BY:60/11/000020:TD INT CREDIT                 |        |                 |         3800.00 |   388173.71 Dr. |
 30-Sep-2015 | BY:60/11/000025:TD INT CREDIT                 |        |                 |          242.00 |   387931.71 Dr. |
 30-Sep-2015 | BY:60/12/000122:TD INT CREDIT                 |        |                 |         2375.00 |   385556.71 Dr. |
 30-Sep-2015 | BY:60/12/000128:TD INT CREDIT                 |        |                 |         4750.00 |   380806.71 Dr. |
 30-Sep-2015 | BY:60/12/000130:TD INT CREDIT                 |        |                 |         4750.00 |   376056.71 Dr. |
 30-Sep-2015 | BY:60/12/000133:TD INT CREDIT                 |        |                 |        41563.00 |   334493.71 Dr. |
 30-Sep-2015 | BY:60/12/000134:TD INT CREDIT                 |        |                 |         2375.00 |   332118.71 Dr. |
 30-Sep-2015 | BY:60/12/000135:TD INT CREDIT                 |        |                 |         4750.00 |   327368.71 Dr. |
 30-Sep-2015 | BY:60/12/000174:TD INT CREDIT                 |        |                 |          475.00 |   326893.71 Dr. |
 30-Sep-2015 | BY:60/12/000177:TD INT CREDIT                 |        |                 |         4750.00 |   322143.71 Dr. |
 30-Sep-2015 | BY TRAN 10/01/30/AMOL A CHAVAN~10/01/000030/0 |        |                 |        15000.00 |   307143.71 Dr. |
 30-Sep-2015 | TO INTEREST NORMAL(DEBIT) PRODUC              |        |         1125.00 |                 |   308268.71 Dr. |
 01-Oct-2015 | BY CLG BY CLG/933085/99900599/1785/032        | 933085 |                 |        10000.00 |   298268.71 Dr. |
 01-Oct-2015 | BY CASH                                       |        |                 |       200000.00 |    98268.71 Dr. |
 01-Oct-2015 | TO CASH PUNY SATISH B                         |   1965 |        18000.00 |                 |   116268.71 Dr. |
 01-Oct-2015 | BY TRAN 11/06/01/SHRI OM SAI STY~11/06/000001 |        |                 |       158000.00 |        41731.29 |
-----------------------------------------------------------------------------------------------------------------------------

                             MUMBAI DISTRICT CENTRAL CO-OP. BANK LTD.,0054-CHEMBUR COLONY BRANCH                             
              Om Sai Co-Op Credit Society Ltd, Shop No 4 AC,1247 School, Near Golf Club,Chembur ,Mumbai-400074               

Current Date  :13-Feb-2017                                                                                  UserId : REPORT54
Time : 13:04:04 PM                                                                                               Page :11 / 47
                                                    Statement Of Account                                                     
                                              From  01-Apr-2015  to  13-Feb-2017                                             

   Accountno :00541806000001
   Name: SHRI OM SAI COOP CR STY LTD
   Address :4 AC 1247 NEAR DUDHESHWAR MANDIR
   NEAR NATIONAL SARVODAYA HIGHSCHOOL,,DR.C.G.ROAD, CHEMBUR COLONY
   MUMBAI - 400074
   Limit:9630000                                 INR
   Joint Holder:
=============================================================================================================================
 Trans. Date | Particulars                                   | InstNo |      Debit Amt. |     Credit Amt. |         Balance |
=============================================================================================================================
 Opening Bal |                                                                                                     41731.29 |
 03-Oct-2015 | BY SI:10\01\001828                            |        |                 |        11000.00 |        52731.29 |
 03-Oct-2015 | BY CLG BY CLG/9319/99900600/311/032           |   9319 |                 |         6000.00 |        58731.29 |
 03-Oct-2015 | BY TRF:-60/53/000061                          |        |                 |       571413.00 |       630144.29 |
 03-Oct-2015 | TO TRAN 60/53/175/SHRI OM SAI STY~60/53/00017 |        |       600000.00 |                 |        30144.29 |
 05-Oct-2015 | BY CLG BY CLG/11547/99900601/1835/032         |  11547 |                 |        27557.00 |        57701.29 |
 05-Oct-2015 | BY TRAN 09/10/01/6044/BURAMBADKAR M S~10/0    |        |                 |        10000.00 |        67701.29 |
 05-Oct-2015 | TO CASH REKHA N SHINDE                        |   1966 |        49724.00 |                 |        17977.29 |
 05-Oct-2015 | BY TRANS 54/11/06/01 SHRI OM SAI CO-OP CR SOC |        |                 |        26000.00 |        43977.29 |
 05-Oct-2015 | BY CASH                                       |        |                 |        51000.00 |        94977.29 |
 06-Oct-2015 | BY CLG BY CLG/811141/99900602/2127/032        | 811141 |                 |        14000.00 |       108977.29 |
 06-Oct-2015 | BY TRAN 10/01/1681/KAMBLE G J~10/01/001681/00 |        |                 |         9000.00 |       117977.29 |
 06-Oct-2015 | BY TRAN 10/01/1696/1757KHAN SONAVANE~10/01/00 |        |                 |         9000.00 |       126977.29 |
 06-Oct-2015 | ToBouncing99900602/2127/18 06 000001-709575   |        |         5000.00 |                 |       121977.29 |
 06-Oct-2015 | ToFUNDS INSU99900602/2127/1806-709575         |        |          285.00 |                 |       121692.29 |
 07-Oct-2015 | BY CLG BY CLG/576763/99900603/586/032         | 576763 |                 |        57000.00 |       178692.29 |
 07-Oct-2015 | BY TRANS ECS KISAN DAYA WAGHELA~99/01/001200/ |        |                 |         3500.00 |       182192.29 |
 08-Oct-2015 | BY CLG BY CLG/749936/99900604/65/032          | 749936 |                 |        15000.00 |       197192.29 |
 08-Oct-2015 | BY TRANSFER 0020/10/01/503~10/01/000503/00    |        |                 |        50000.00 |       247192.29 |
 08-Oct-2015 | BY SI:10\01\001813                            |        |                 |        12000.00 |       259192.29 |
 08-Oct-2015 | TO TRANS 10/01/1850 YADAV LALMAN~10/01/001850 |   1967 |       175000.00 |                 |        84192.29 |
 09-Oct-2015 | TO TRANSFER FIX LOAN INT 50/17/5/6/07~50/17/0 |        |       178046.00 |                 |    93853.71 Dr. |
 09-Oct-2015 | TO CASH DILENDRA SOMANSIRY KWWAR              |   1969 |       175000.00 |                 |   268853.71 Dr. |
 09-Oct-2015 | BY CASH                                       |        |                 |        60000.00 |   208853.71 Dr. |
 09-Oct-2015 | BY CLG BY CLG/1338/99900605/1615/032          |   1338 |                 |        68275.00 |   140578.71 Dr. |
 09-Oct-2015 | BY CLG BY CLG/1340/99900605/1525/032          |   1340 |                 |        34244.00 |   106334.71 Dr. |
 09-Oct-2015 | BY CLG BY CLG/1344/99900605/1578/032          |   1344 |                 |        47634.00 |    58700.71 Dr. |
 09-Oct-2015 | BY CLG BY CLG/1345/99900605/1460/032          |   1345 |                 |         9652.00 |    49048.71 Dr. |
 09-Oct-2015 | BY CASH                                       |        |                 |        50000.00 |          951.29 |
 09-Oct-2015 | TO TRANS YOUGESH VISHNU GHUMRE 10/01/05~10/01 |   1971 |       100000.00 |                 |    99048.71 Dr. |
 09-Oct-2015 | BY TRANSFER20/10/01/503 MATALE LILAWATI~10    |        |                 |        15000.00 |    84048.71 Dr. |
 12-Oct-2015 | TO CASH ANSARI RUKSAR MUMTHY                  |   1972 |        20000.00 |                 |   104048.71 Dr. |
 12-Oct-2015 | BY SI:10\01\001829                            |        |                 |        12000.00 |    92048.71 Dr. |
 12-Oct-2015 | BY CASH                                       |        |                 |        20000.00 |    72048.71 Dr. |
 14-Oct-2015 | BY CLG BY CLG/108891/99900608/2590/032        | 108891 |                 |        10000.00 |    62048.71 Dr. |
 14-Oct-2015 | BY ECS KUMAR NALLU RAMSWMI~99/01/001200/0054  |        |                 |        12000.00 |    50048.71 Dr. |
 14-Oct-2015 | BY CASH                                       |        |                 |        55000.00 |         4951.29 |
 15-Oct-2015 | TO CASH SATISH BHUYANG PUNJA                  |   1973 |        75000.00 |                 |    70048.71 Dr. |
 15-Oct-2015 | BY CASH                                       |        |                 |        75000.00 |         4951.29 |
 17-Oct-2015 | TO CASH MO SHABBIR ABDUL SATTAR               |   1976 |       120000.00 |                 |   115048.71 Dr. |
 19-Oct-2015 | TO SI:50/09/5                                 |        |       183500.00 |                 |   298548.71 Dr. |
 19-Oct-2015 | TO SI:50/09/6                                 |        |       315000.00 |                 |   613548.71 Dr. |
 19-Oct-2015 | TO SI:50/09/7 SHRI OMSAI COOP CR STY          |        |        18000.00 |                 |   631548.71 Dr. |
 19-Oct-2015 | TO SI:50/09/7 SHRI OMSAI CR STY               |        |        19400.00 |                 |   650948.71 Dr. |
 19-Oct-2015 | TO SI:50/09/7 SHRI OMSAI COOP CR STY          |        |         9500.00 |                 |   660448.71 Dr. |
 19-Oct-2015 | TO SI:50/09/7 SHRI OMSAI COOP CR STY          |        |        29000.00 |                 |   689448.71 Dr. |
 19-Oct-2015 | BY TRAN 11 06 01 SHREE OM SAI CREDIT SOC~11/0 |        |                 |       495000.00 |   194448.71 Dr. |
 19-Oct-2015 | TO CASH DEELIP AAPA SARGAR                    |   1975 |        26000.00 |                 |   220448.71 Dr. |
 19-Oct-2015 | BY CASH                                       |        |                 |        26000.00 |   194448.71 Dr. |
-----------------------------------------------------------------------------------------------------------------------------

                             MUMBAI DISTRICT CENTRAL CO-OP. BANK LTD.,0054-CHEMBUR COLONY BRANCH                             
              Om Sai Co-Op Credit Society Ltd, Shop No 4 AC,1247 School, Near Golf Club,Chembur ,Mumbai-400074               

Current Date  :13-Feb-2017                                                                                  UserId : REPORT54
Time : 13:04:04 PM                                                                                               Page :12 / 47
                                                    Statement Of Account                                                     
                                              From  01-Apr-2015  to  13-Feb-2017                                             

   Accountno :00541806000001
   Name: SHRI OM SAI COOP CR STY LTD
   Address :4 AC 1247 NEAR DUDHESHWAR MANDIR
   NEAR NATIONAL SARVODAYA HIGHSCHOOL,,DR.C.G.ROAD, CHEMBUR COLONY
   MUMBAI - 400074
   Limit:9630000                                 INR
   Joint Holder:
=============================================================================================================================
 Trans. Date | Particulars                                   | InstNo |      Debit Amt. |     Credit Amt. |         Balance |
=============================================================================================================================
 Opening Bal |                                                                                                194448.71 Dr. |
 20-Oct-2015 | BY TRAN JOTI GHAG WRONG ENTRY 19-10-2015~50/4 |        |                 |        19700.00 |   174748.71 Dr. |
 20-Oct-2015 | BY CASH                                       |        |                 |        60000.00 |   114748.71 Dr. |
 23-Oct-2015 | BY CASH                                       |        |                 |        20000.00 |    94748.71 Dr. |
 26-Oct-2015 | BY CASH                                       |        |                 |        25000.00 |    69748.71 Dr. |
 28-Oct-2015 | BY CASH                                       |        |                 |        75210.00 |         5461.29 |
 28-Oct-2015 | TO CASH SATISH NARAYAN SALIJAN                |   1977 |        60000.00 |                 |    54538.71 Dr. |
 28-Oct-2015 | BY CASH                                       |        |                 |        60000.00 |         5461.29 |
 29-Oct-2015 | BY TRAN 10-01-1285 KDAM SIDHARTH LAXSHUMAN~10 |        |                 |         5000.00 |        10461.29 |
 29-Oct-2015 | BY CASH                                       |        |                 |        62000.00 |        72461.29 |
 29-Oct-2015 | BY TRAN 10-01-09 MAYURI MHATRE~10/01/000009/0 |        |                 |        41000.00 |       113461.29 |
 30-Oct-2015 | TO CASH YOUGESH GHUMRE                        |   1979 |        40000.00 |                 |        73461.29 |
 30-Oct-2015 | TO TRAN 10-01-02 VISHNU GHUMRE~10/01/000002/0 |   1978 |       155000.00 |                 |    81538.71 Dr. |
 30-Oct-2015 | BY TRAN 99-02-5640 RENT PAID MONTH OF OCT2015 |        |                 |        55000.00 |    26538.71 Dr. |
 30-Oct-2015 | TO TRAN TDS PAYYBLE 99-01-2220~99/01/002220/0 |        |         5500.00 |                 |    32038.71 Dr. |
 31-Oct-2015 | BY CASH                                       |        |                 |       100000.00 |        67961.29 |
 31-Oct-2015 | TO INTEREST NORMAL(DEBIT) PRODUC              |        |          423.00 |                 |        67538.29 |
 02-Nov-2015 | TO TRAN VISHU GHUMRE 10-01-02~10/01/000002/00 |   1980 |       100000.00 |                 |    32461.71 Dr. |
 02-Nov-2015 | TO CASH MOHAMAD SAKIR                         |   1982 |        21750.00 |                 |    54211.71 Dr. |
 02-Nov-2015 | TO CASH AASIMALI H SHAIKH                     |   1983 |        50000.00 |                 |   104211.71 Dr. |
 02-Nov-2015 | BY TRAN 10-01-1285 KDAM SIDHARTH LAXSHUMAN~10 |        |                 |        15000.00 |    89211.71 Dr. |
 02-Nov-2015 | BY CASH                                       |        |                 |        50000.00 |    39211.71 Dr. |
 02-Nov-2015 | TO CASH KRUSHNGOPAL PAMDE                     |   1984 |       300000.00 |                 |   339211.71 Dr. |
 03-Nov-2015 | BY SI:10\01\001828                            |        |                 |        11000.00 |   328211.71 Dr. |
 03-Nov-2015 | BY CLG BY CLG/11773/99900623/1562/032         |  11773 |                 |        20557.00 |   307654.71 Dr. |
 03-Nov-2015 | BY CLG BY CLG/811142/99900623/1544/032        | 811142 |                 |         9000.00 |   298654.71 Dr. |
 03-Nov-2015 | TO TRAN 10-01-1831MITHBOKER CHANDRKANT~10/01/ |   1985 |       400000.00 |                 |   698654.71 Dr. |
 03-Nov-2015 | BY TR27/10/01/2723 SHINDE G S~10/01/002723    |        |                 |         8000.00 |   690654.71 Dr. |
 03-Nov-2015 | BY TR10/01/1754 1813 1681 0910/01/6044~10/01/ |        |                 |        36500.00 |   654154.71 Dr. |
 03-Nov-2015 | BY CASH                                       |        |                 |       100000.00 |   554154.71 Dr. |
 04-Nov-2015 | BY CLG BY CLG/749935/99900624/1871/032        | 749935 |                 |        15000.00 |   539154.71 Dr. |
 04-Nov-2015 | TO CASH SHWETA VIJAY GUPTA                    |   1986 |        46983.00 |                 |   586137.71 Dr. |
 05-Nov-2015 | BY SI:10\01\001693                            |        |                 |         3500.00 |   582637.71 Dr. |
 05-Nov-2015 | BY CASH                                       |        |                 |       200000.00 |   382637.71 Dr. |
 05-Nov-2015 | TO CASH YOGESH V GHUMARE                      |   1987 |        60000.00 |                 |   442637.71 Dr. |
 06-Nov-2015 | BY CLG BY CLG/694/99900626/2092/032           |    694 |                 |        55288.00 |   387349.71 Dr. |
 06-Nov-2015 | BY CLG BY CLG/576764/99900626/1733/032        | 576764 |                 |         7000.00 |   380349.71 Dr. |
 06-Nov-2015 | BY CLG BY CLG/58462/99900626/2104/032         |  58462 |                 |        10000.00 |   370349.71 Dr. |
 06-Nov-2015 | TO TRAN 10-01-1854 SANJAY BHIKAJKI GAIKWAD~10 |   1988 |       500000.00 |                 |   870349.71 Dr. |
 06-Nov-2015 | BY SI:10\01\001757                            |        |                 |         5500.00 |   864849.71 Dr. |
 07-Nov-2015 | BY CASH                                       |        |                 |       450000.00 |   414849.71 Dr. |
 07-Nov-2015 | BY CLG BY CLG/1378/99900627/1717/032          |   1378 |                 |        33820.00 |   381029.71 Dr. |
 07-Nov-2015 | BY CLG BY CLG/11/99900627/1701/032            |     11 |                 |       182064.00 |   198965.71 Dr. |
 07-Nov-2015 | BY CLG BY CLG/1374/99900627/1903/032          |   1374 |                 |         9367.00 |   189598.71 Dr. |
 07-Nov-2015 | BY CLG BY CLG/6/99900627/1936/032             |      6 |                 |       500000.00 |       310401.29 |
 07-Nov-2015 | BY CLG BY CLG/1380/99900627/1762/032          |   1380 |                 |        38102.00 |       348503.29 |
 07-Nov-2015 | BY CLG BY CLG/40/99900627/1913/032            |     40 |                 |      1500000.00 |      1848503.29 |
 07-Nov-2015 | BY CLG BY CLG/52/99900627/1925/032            |     52 |                 |      1000000.00 |      2848503.29 |
 07-Nov-2015 | TO TRAN UTTAM LIMBAJI 10/01/1857~10/01/001857 |   1992 |       500000.00 |                 |      2348503.29 |
-----------------------------------------------------------------------------------------------------------------------------

                             MUMBAI DISTRICT CENTRAL CO-OP. BANK LTD.,0054-CHEMBUR COLONY BRANCH                             
              Om Sai Co-Op Credit Society Ltd, Shop No 4 AC,1247 School, Near Golf Club,Chembur ,Mumbai-400074               

Current Date  :13-Feb-2017                                                                                  UserId : REPORT54
Time : 13:04:04 PM                                                                                               Page :13 / 47
                                                    Statement Of Account                                                     
                                              From  01-Apr-2015  to  13-Feb-2017                                             

   Accountno :00541806000001
   Name: SHRI OM SAI COOP CR STY LTD
   Address :4 AC 1247 NEAR DUDHESHWAR MANDIR
   NEAR NATIONAL SARVODAYA HIGHSCHOOL,,DR.C.G.ROAD, CHEMBUR COLONY
   MUMBAI - 400074
   Limit:9630000                                 INR
   Joint Holder:
=============================================================================================================================
 Trans. Date | Particulars                                   | InstNo |      Debit Amt. |     Credit Amt. |         Balance |
=============================================================================================================================
 Opening Bal |                                                                                                   2348503.29 |
 07-Nov-2015 | BY CASH                                       |        |                 |        50000.00 |      2398503.29 |
 07-Nov-2015 | BY TRA99/01/1200 ECS HO ADV~99/01/001200/0054 |        |                 |         3500.00 |      2402003.29 |
 09-Nov-2015 | BY CLG BY CLG/953403/99900628/1975/032        | 953403 |                 |        46000.00 |      2448003.29 |
 09-Nov-2015 | BY SI:10\01\001696                            |        |                 |         3000.00 |      2451003.29 |
 09-Nov-2015 | BY SI:10\01\001813                            |        |                 |        12000.00 |      2463003.29 |
 09-Nov-2015 | TO TR50/17/05 50/17/06 50/17/06~50/17/000005/ |        |       178122.00 |                 |      2284881.29 |
 09-Nov-2015 | TO CASH BHUSAN M JADHAV                       |   1994 |        20750.00 |                 |      2264131.29 |
 10-Nov-2015 | BY TRAN18/06/01 MUKESH V GHUMARE~10/01/006    |        |                 |        40000.00 |      2304131.29 |
 10-Nov-2015 | TO - SANJEEV MOHAN BHOSLE - TO CTSIW CLG : 8  |   1993 |        73699.00 |                 |      2230432.29 |
 10-Nov-2015 | BY TR 10/01/2723 SHINDE GAUTAM S~10/01/002    |        |                 |        13000.00 |      2243432.29 |
 13-Nov-2015 | BY TRANSFER ECS KUMAR NALLU RAMSWAMI~99/01/00 |        |                 |        12000.00 |      2255432.29 |
 16-Nov-2015 | TO CASH PRABHAKAR PATIL                       |   1995 |        23703.00 |                 |      2231729.29 |
 16-Nov-2015 | TO CASH CHAUHAN CANDRAPAL                     |   1996 |       100000.00 |                 |      2131729.29 |
 16-Nov-2015 | BY CASH                                       |        |                 |       120000.00 |      2251729.29 |
 17-Nov-2015 | TO CASH NAGESH RAMJI                          |   1970 |        26400.00 |                 |      2225329.29 |
 17-Nov-2015 | BY CASH                                       |        |                 |        26400.00 |      2251729.29 |
 17-Nov-2015 | TO CASH SHASHIKUMAR CHAUDHARI                 |   1990 |        50000.00 |                 |      2201729.29 |
 17-Nov-2015 | BY CASH                                       |        |                 |        50000.00 |      2251729.29 |
 18-Nov-2015 | BY CLG BY CLG/490358/99900633/2418/032        | 490358 |                 |         7500.00 |      2259229.29 |
 18-Nov-2015 | TO TRAN60/12/216 60/12/217 60/12/218 60/12/21 |        |      3500000.00 |                 |  1240770.71 Dr. |
 18-Nov-2015 | BY TRANSFER30/11/06/12 SHRI OM SAI~11/06/0    |        |                 |       700000.00 |   540770.71 Dr. |
 18-Nov-2015 | BY CASH                                       |        |                 |        77060.00 |   463710.71 Dr. |
 19-Nov-2015 | TO SI:50/09/5                                 |        |       183500.00 |                 |   647210.71 Dr. |
 19-Nov-2015 | TO SI:50/09/6                                 |        |       315000.00 |                 |   962210.71 Dr. |
 19-Nov-2015 | TO SI:50/09/7 SHRI OMSAI COOP CR STY          |        |        18000.00 |                 |   980210.71 Dr. |
 19-Nov-2015 | TO SI:50/09/7 SHRI OMSAI CR STY               |        |        19400.00 |                 |   999610.71 Dr. |
 19-Nov-2015 | TO SI:50/09/7 SHRI OMSAI COOP CR STY          |        |         9500.00 |                 |  1009110.71 Dr. |
 19-Nov-2015 | TO SI:50/09/7 SHRI OMSAI COOP CR STY          |        |        29000.00 |                 |  1038110.71 Dr. |
 19-Nov-2015 | BY CASH                                       |        |                 |        87080.00 |   951030.71 Dr. |
 20-Nov-2015 | BY CLG BY CLG/4728/99900635/1558/032          |   4728 |                 |        53000.00 |   898030.71 Dr. |
 23-Nov-2015 | BY TRANS 54/11/06/01 SHRI OM SAI CO-OP CR SOC |        |                 |        70000.00 |   828030.71 Dr. |
 23-Nov-2015 | TO CASH GUPTA MANJULATA                       |   1999 |       160000.00 |                 |   988030.71 Dr. |
 23-Nov-2015 | BY CASH                                       |        |                 |        60000.00 |   928030.71 Dr. |
 24-Nov-2015 | BY CASH                                       |        |                 |        50000.00 |   878030.71 Dr. |
 24-Nov-2015 | TO CASH KHAN YASIN ABDUL LALIF                |   2000 |        20000.00 |                 |   898030.71 Dr. |
 24-Nov-2015 | TO CASH SHAILESH SHARED VARTAK                |   4451 |        60000.00 |                 |   958030.71 Dr. |
 25-Nov-2015 | TO - GHANSHYAM PARASNATH BIN - TO CTSIW CLG   |   1998 |        86309.00 |                 |  1044339.71 Dr. |
 26-Nov-2015 | BY TRANSFERRENT NOV 2015~99/02/005640/0054    |        |                 |        55000.00 |   989339.71 Dr. |
 26-Nov-2015 | TO TRANSFERRENT TDS NOV-2015~99/01/002220/005 |        |         5500.00 |                 |   994839.71 Dr. |
 26-Nov-2015 | TO CASH RAVINDRA GOPAL MOHITE                 |   4453 |        37000.00 |                 |  1031839.71 Dr. |
 26-Nov-2015 | BY CASH                                       |        |                 |        50000.00 |   981839.71 Dr. |
 26-Nov-2015 | TO TRANSFERSHRI OM SAI 30/11/06/12~11/06/0000 |   4454 |        24000.00 |                 |  1005839.71 Dr. |
 26-Nov-2015 | TO CASH SANJIVA D PUJARI                      |   4452 |        67082.00 |                 |  1072921.71 Dr. |
 30-Nov-2015 | TO CASH SHWETA YADHAV                         |   4458 |       500000.00 |                 |  1572921.71 Dr. |
 30-Nov-2015 | TO CASH SATISH POOJ                           |   4455 |        12000.00 |                 |  1584921.71 Dr. |
 30-Nov-2015 | TO CASH NARAYAN YADHAV                        |   4456 |        25000.00 |                 |  1609921.71 Dr. |
 30-Nov-2015 | BY CASH                                       |        |                 |        37000.00 |  1572921.71 Dr. |
 30-Nov-2015 | TO INTEREST NORMAL(DEBIT) PRODUC              |        |         4057.00 |                 |  1576978.71 Dr. |
-----------------------------------------------------------------------------------------------------------------------------

                             MUMBAI DISTRICT CENTRAL CO-OP. BANK LTD.,0054-CHEMBUR COLONY BRANCH                             
              Om Sai Co-Op Credit Society Ltd, Shop No 4 AC,1247 School, Near Golf Club,Chembur ,Mumbai-400074               

Current Date  :13-Feb-2017                                                                                  UserId : REPORT54
Time : 13:04:04 PM                                                                                               Page :14 / 47
                                                    Statement Of Account                                                     
                                              From  01-Apr-2015  to  13-Feb-2017                                             

   Accountno :00541806000001
   Name: SHRI OM SAI COOP CR STY LTD
   Address :4 AC 1247 NEAR DUDHESHWAR MANDIR
   NEAR NATIONAL SARVODAYA HIGHSCHOOL,,DR.C.G.ROAD, CHEMBUR COLONY
   MUMBAI - 400074
   Limit:9630000                                 INR
   Joint Holder:
=============================================================================================================================
 Trans. Date | Particulars                                   | InstNo |      Debit Amt. |     Credit Amt. |         Balance |
=============================================================================================================================
 Opening Bal |                                                                                               1576978.71 Dr. |
 01-Dec-2015 | BY CLG BY CLG/9787/99900642/1494/032          |   9787 |                 |         6000.00 |  1570978.71 Dr. |
 01-Dec-2015 | BY CLG BY CLG/21701/99900642/1526/032         |  21701 |                 |         9000.00 |  1561978.71 Dr. |
 01-Dec-2015 | BY CLG BY CLG/9576/99900642/1401/032          |   9576 |                 |         6000.00 |  1555978.71 Dr. |
 01-Dec-2015 | BY CASH                                       |        |                 |        80000.00 |  1475978.71 Dr. |
 01-Dec-2015 | BY CASH                                       |        |                 |        98000.00 |  1377978.71 Dr. |
 02-Dec-2015 | BY CLG BY CLG/576765/99900643/409/032         | 576765 |                 |         7000.00 |  1370978.71 Dr. |
 02-Dec-2015 | TO CASH ROSHAN DHINGRA                        |   4461 |        40000.00 |                 |  1410978.71 Dr. |
 02-Dec-2015 | TO CASH RAKESH KUMAR                          |   4459 |        29999.00 |                 |  1440977.71 Dr. |
 02-Dec-2015 | BY CASH                                       |        |                 |       100000.00 |  1340977.71 Dr. |
 03-Dec-2015 | BY CLG BY CLG/811143/99900644/193/032         | 811143 |                 |         9000.00 |  1331977.71 Dr. |
 03-Dec-2015 | BIJAY GUPTA                                   |   4462 |        24037.00 |                 |  1356014.71 Dr. |
 03-Dec-2015 | SAYYAD MOHIN                                  |   4463 |        29495.00 |                 |  1385509.71 Dr. |
 04-Dec-2015 | TO CASHAPPA SHANKAR KOKATE                    |   4465 |       111175.00 |                 |  1496684.71 Dr. |
 04-Dec-2015 | TO - PANJABI MOHAN JETHANAND - TO CTSIW CLG   |   4460 |        87456.00 |                 |  1584140.71 Dr. |
 05-Dec-2015 | BY SI:10\01\001681                            |        |                 |         9000.00 |  1575140.71 Dr. |
 05-Dec-2015 | BY SI:10\01\001757                            |        |                 |         5500.00 |  1569640.71 Dr. |
 05-Dec-2015 | BY SI:10\01\001693                            |        |                 |         3500.00 |  1566140.71 Dr. |
 05-Dec-2015 | BY SI:10\01\001813                            |        |                 |        12000.00 |  1554140.71 Dr. |
 05-Dec-2015 | BY SI:10\01\001829                            |        |                 |        12000.00 |  1542140.71 Dr. |
 05-Dec-2015 | BY TR10/01/1831MITHBAOKAR C D 09/10/01/6044 B |        |                 |        22000.00 |  1520140.71 Dr. |
 07-Dec-2015 | BY CLG BY CLG/644607/99900647/1311/032        | 644607 |                 |        13000.00 |  1507140.71 Dr. |
 07-Dec-2015 | BY CASH                                       |        |                 |        50000.00 |  1457140.71 Dr. |
 08-Dec-2015 | TO CASHRAKESH PRAJAPATI                       |   4466 |        27772.00 |                 |  1484912.71 Dr. |
 08-Dec-2015 | BY TRANSFER WAGHELA KISAN~99/01/001200/0054   |        |                 |         3500.00 |  1481412.71 Dr. |
 08-Dec-2015 | BY CASH                                       |        |                 |       817000.00 |   664412.71 Dr. |
 08-Dec-2015 | TO CASH GHUMARE VISHNU                        |   4468 |       500000.00 |                 |  1164412.71 Dr. |
 09-Dec-2015 | BY TRA27/11/06/90 SHREE OM SAI CO OP CR ST    |        |                 |        30000.00 |  1134412.71 Dr. |
 09-Dec-2015 | BY CLG BY CLG/784/99900649/1879/032           |    784 |                 |        31402.00 |  1103010.71 Dr. |
 09-Dec-2015 | BY CLG BY CLG/1417/99900649/1893/032          |   1417 |                 |        25599.00 |  1077411.71 Dr. |
 09-Dec-2015 | BY CLG BY CLG/1427/99900649/1955/032          |   1427 |                 |        39874.00 |  1037537.71 Dr. |
 09-Dec-2015 | BY CLG BY CLG/11999/99900649/1867/032         |  11999 |                 |        18043.00 |  1019494.71 Dr. |
 09-Dec-2015 | TO TRA 50/17 05 FIX LOAN INT~50/17/000005/005 |        |        36140.00 |                 |  1055634.71 Dr. |
 09-Dec-2015 | TO TRA FIX LOAN INT 50/17/06~50/17/000005/005 |        |        83136.00 |                 |  1138770.71 Dr. |
 09-Dec-2015 | TO TRA FIX LOAN INT 50/17/07~50/17/000005/005 |        |        47646.00 |                 |  1186416.71 Dr. |
 10-Dec-2015 | TO CASH SMURTI MAHATRE                        |   4469 |        25000.00 |                 |  1211416.71 Dr. |
 10-Dec-2015 | BY CASH                                       |        |                 |        25000.00 |  1186416.71 Dr. |
 10-Dec-2015 | TO - SAI SIDDHI SYSTEM   SOL - TO CTSIW CLG   |   4467 |        37000.00 |                 |  1223416.71 Dr. |
 10-Dec-2015 | BY CASH                                       |        |                 |        46500.00 |  1176916.71 Dr. |
 11-Dec-2015 | BY CLG BY CLG/490359/99900651/1547/032        | 490359 |                 |         7500.00 |  1169416.71 Dr. |
 11-Dec-2015 | TO TRA35/10/01/2114 MARUTI G PATIL~10/01/0021 |   4470 |       150000.00 |                 |  1319416.71 Dr. |
 14-Dec-2015 | TO CASH AJYUB ABDUL RASHID KHAN               |   4471 |       230000.00 |                 |  1549416.71 Dr. |
 14-Dec-2015 | BY TRANSFER ECS KUMAR NALLU RAMSWAMI~99/01/00 |        |                 |        12000.00 |  1537416.71 Dr. |
 14-Dec-2015 | BY CASH                                       |        |                 |        79410.00 |  1458006.71 Dr. |
 15-Dec-2015 | TO TRANS NATIONAL FEDERATION URBAN CO OP CR~9 |   4472 |         5771.00 |                 |  1463777.71 Dr. |
 17-Dec-2015 | BY CASH                                       |        |                 |        75000.00 |  1388777.71 Dr. |
 18-Dec-2015 | TO CASH MEHUL RANVA                           |   4475 |        35000.00 |                 |  1423777.71 Dr. |
 18-Dec-2015 | BY CASH                                       |        |                 |        22000.00 |  1401777.71 Dr. |
 19-Dec-2015 | TO CASH DAYANAND SHEETY                       |   4476 |        20694.00 |                 |  1422471.71 Dr. |
-----------------------------------------------------------------------------------------------------------------------------

                             MUMBAI DISTRICT CENTRAL CO-OP. BANK LTD.,0054-CHEMBUR COLONY BRANCH                             
              Om Sai Co-Op Credit Society Ltd, Shop No 4 AC,1247 School, Near Golf Club,Chembur ,Mumbai-400074               

Current Date  :13-Feb-2017                                                                                  UserId : REPORT54
Time : 13:04:04 PM                                                                                               Page :15 / 47
                                                    Statement Of Account                                                     
                                              From  01-Apr-2015  to  13-Feb-2017                                             

   Accountno :00541806000001
   Name: SHRI OM SAI COOP CR STY LTD
   Address :4 AC 1247 NEAR DUDHESHWAR MANDIR
   NEAR NATIONAL SARVODAYA HIGHSCHOOL,,DR.C.G.ROAD, CHEMBUR COLONY
   MUMBAI - 400074
   Limit:9630000                                 INR
   Joint Holder:
=============================================================================================================================
 Trans. Date | Particulars                                   | InstNo |      Debit Amt. |     Credit Amt. |         Balance |
=============================================================================================================================
 Opening Bal |                                                                                               1422471.71 Dr. |
 19-Dec-2015 | TO CASH  MAHESH PATHANSHEETY                  |   4478 |        40000.00 |                 |  1462471.71 Dr. |
 19-Dec-2015 | TO CASH GHUMARE VISHNU                        |   4477 |        50000.00 |                 |  1512471.71 Dr. |
 19-Dec-2015 | TO CASH MAHADEV SAWALA PATEKAR                |   4479 |        15000.00 |                 |  1527471.71 Dr. |
 19-Dec-2015 | TO SI:50/09/5                                 |        |       183500.00 |                 |  1710971.71 Dr. |
 19-Dec-2015 | TO SI:50/09/6                                 |        |       315000.00 |                 |  2025971.71 Dr. |
 19-Dec-2015 | TO SI:50/09/7 SHRI OMSAI COOP CR STY          |        |        18000.00 |                 |  2043971.71 Dr. |
 19-Dec-2015 | TO SI:50/09/7 SHRI OMSAI CR STY               |        |        19400.00 |                 |  2063371.71 Dr. |
 19-Dec-2015 | TO SI:50/09/7 SHRI OMSAI COOP CR STY          |        |         9500.00 |                 |  2072871.71 Dr. |
 19-Dec-2015 | TO SI:50/09/7 SHRI OMSAI COOP CR STY          |        |        29000.00 |                 |  2101871.71 Dr. |
 21-Dec-2015 | BY:60/10/000009:TD INT CREDIT                 |        |                 |         4147.00 |  2097724.71 Dr. |
 21-Dec-2015 | TO CASH VISHNU GHUMARE                        |   4480 |       270000.00 |                 |  2367724.71 Dr. |
 21-Dec-2015 | BY CASH                                       |        |                 |      1660000.00 |   707724.71 Dr. |
 21-Dec-2015 | TO CASH MUKESH VASANT GHUMRE                  |   4481 |      2500000.00 |                 |  3207724.71 Dr. |
 21-Dec-2015 | BY CASH                                       |        |                 |       540000.00 |  2667724.71 Dr. |
 21-Dec-2015 | TO CASH SHRIPSL PRAVIN SHAH                   |   4482 |        54085.00 |                 |  2721809.71 Dr. |
 22-Dec-2015 | BY CASH                                       |        |                 |        50000.00 |  2671809.71 Dr. |
 23-Dec-2015 | TO TRANSFER10/01/5~10/01/000005/0054          |   4483 |       105000.00 |                 |  2776809.71 Dr. |
 28-Dec-2015 | BY TRANSFER BR RENT DEC-02015~99/02/005640/00 |        |                 |        55000.00 |  2721809.71 Dr. |
 28-Dec-2015 | TO TRANSFERRENT TDS DE C-2015~99/01/002220/00 |        |         5500.00 |                 |  2727309.71 Dr. |
 28-Dec-2015 | BY CASH                                       |        |                 |        28500.00 |  2698809.71 Dr. |
 28-Dec-2015 | BY CASH                                       |        |                 |       100280.00 |  2598529.71 Dr. |
 29-Dec-2015 | B M YADAV                                     |   4484 |        27680.00 |                 |  2626209.71 Dr. |
 29-Dec-2015 | BY CASH                                       |        |                 |        50000.00 |  2576209.71 Dr. |
 30-Dec-2015 | BY CASH                                       |        |                 |       250000.00 |  2326209.71 Dr. |
 30-Dec-2015 | BY CASH                                       |        |                 |       150000.00 |  2176209.71 Dr. |
 30-Dec-2015 | BY CASH                                       |        |                 |       200000.00 |  1976209.71 Dr. |
 31-Dec-2015 | BY:60/10/000007:TD INT CREDIT                 |        |                 |         7125.00 |  1969084.71 Dr. |
 31-Dec-2015 | BY:60/10/000008:TD INT CREDIT                 |        |                 |         6295.00 |  1962789.71 Dr. |
 31-Dec-2015 | BY:60/10/000010:TD INT CREDIT                 |        |                 |        11875.00 |  1950914.71 Dr. |
 31-Dec-2015 | BY:60/10/000011:TD INT CREDIT                 |        |                 |        19000.00 |  1931914.71 Dr. |
 31-Dec-2015 | BY:60/10/000012:TD INT CREDIT                 |        |                 |         3563.00 |  1928351.71 Dr. |
 31-Dec-2015 | BY:60/10/000013:TD INT CREDIT                 |        |                 |         1045.00 |  1927306.71 Dr. |
 31-Dec-2015 | BY:60/10/000017:TD INT CREDIT                 |        |                 |         4156.00 |  1923150.71 Dr. |
 31-Dec-2015 | BY:60/10/000019:TD INT CREDIT                 |        |                 |         2700.00 |  1920450.71 Dr. |
 31-Dec-2015 | BY:60/10/000020:TD INT CREDIT                 |        |                 |         4375.00 |  1916075.71 Dr. |
 31-Dec-2015 | BY:60/10/000021:TD INT CREDIT                 |        |                 |         2188.00 |  1913887.71 Dr. |
 31-Dec-2015 | BY:60/11/000011:TD INT CREDIT                 |        |                 |         2375.00 |  1911512.71 Dr. |
 31-Dec-2015 | BY:60/11/000012:TD INT CREDIT                 |        |                 |         1900.00 |  1909612.71 Dr. |
 31-Dec-2015 | BY:60/11/000013:TD INT CREDIT                 |        |                 |          174.00 |  1909438.71 Dr. |
 31-Dec-2015 | BY:60/11/000016:TD INT CREDIT                 |        |                 |          119.00 |  1909319.71 Dr. |
 31-Dec-2015 | BY:60/11/000019:TD INT CREDIT                 |        |                 |          238.00 |  1909081.71 Dr. |
 31-Dec-2015 | BY:60/11/000020:TD INT CREDIT                 |        |                 |         3800.00 |  1905281.71 Dr. |
 31-Dec-2015 | BY:60/11/000025:TD INT CREDIT                 |        |                 |          242.00 |  1905039.71 Dr. |
 31-Dec-2015 | BY:60/12/000122:TD INT CREDIT                 |        |                 |         2375.00 |  1902664.71 Dr. |
 31-Dec-2015 | BY:60/12/000128:TD INT CREDIT                 |        |                 |         4750.00 |  1897914.71 Dr. |
 31-Dec-2015 | BY:60/12/000130:TD INT CREDIT                 |        |                 |         4750.00 |  1893164.71 Dr. |
 31-Dec-2015 | BY:60/12/000133:TD INT CREDIT                 |        |                 |        41563.00 |  1851601.71 Dr. |
 31-Dec-2015 | BY:60/12/000134:TD INT CREDIT                 |        |                 |         2375.00 |  1849226.71 Dr. |
-----------------------------------------------------------------------------------------------------------------------------

                             MUMBAI DISTRICT CENTRAL CO-OP. BANK LTD.,0054-CHEMBUR COLONY BRANCH                             
              Om Sai Co-Op Credit Society Ltd, Shop No 4 AC,1247 School, Near Golf Club,Chembur ,Mumbai-400074               

Current Date  :13-Feb-2017                                                                                  UserId : REPORT54
Time : 13:04:04 PM                                                                                               Page :16 / 47
                                                    Statement Of Account                                                     
                                              From  01-Apr-2015  to  13-Feb-2017                                             

   Accountno :00541806000001
   Name: SHRI OM SAI COOP CR STY LTD
   Address :4 AC 1247 NEAR DUDHESHWAR MANDIR
   NEAR NATIONAL SARVODAYA HIGHSCHOOL,,DR.C.G.ROAD, CHEMBUR COLONY
   MUMBAI - 400074
   Limit:9630000                                 INR
   Joint Holder:
=============================================================================================================================
 Trans. Date | Particulars                                   | InstNo |      Debit Amt. |     Credit Amt. |         Balance |
=============================================================================================================================
 Opening Bal |                                                                                               1849226.71 Dr. |
 31-Dec-2015 | BY:60/12/000135:TD INT CREDIT                 |        |                 |         4750.00 |  1844476.71 Dr. |
 31-Dec-2015 | BY:60/12/000174:TD INT CREDIT                 |        |                 |          475.00 |  1844001.71 Dr. |
 31-Dec-2015 | BY:60/12/000177:TD INT CREDIT                 |        |                 |         4750.00 |  1839251.71 Dr. |
 31-Dec-2015 | BY:60/12/000208:TD INT CREDIT                 |        |                 |         8762.00 |  1830489.71 Dr. |
 31-Dec-2015 | BY:60/12/000209:TD INT CREDIT                 |        |                 |         8762.00 |  1821727.71 Dr. |
 31-Dec-2015 | BY:60/12/000210:TD INT CREDIT                 |        |                 |         8762.00 |  1812965.71 Dr. |
 31-Dec-2015 | BY:60/12/000212:TD INT CREDIT                 |        |                 |        17523.00 |  1795442.71 Dr. |
 31-Dec-2015 | BY:60/12/000216:TD INT CREDIT                 |        |                 |         4822.00 |  1790620.71 Dr. |
 31-Dec-2015 | BY:60/12/000217:TD INT CREDIT                 |        |                 |         9644.00 |  1780976.71 Dr. |
 31-Dec-2015 | BY:60/12/000218:TD INT CREDIT                 |        |                 |         9644.00 |  1771332.71 Dr. |
 31-Dec-2015 | BY:60/12/000219:TD INT CREDIT                 |        |                 |         9644.00 |  1761688.71 Dr. |
 31-Dec-2015 | CHANDANI                                      |   4486 |        35600.00 |                 |  1797288.71 Dr. |
 31-Dec-2015 | TO - SUBHASHCHANDRA  SHRIPAT - TO CTSIW CLG   |   4485 |       600000.00 |                 |  2397288.71 Dr. |
 31-Dec-2015 | BY TRF:-60/04/000543                          |        |                 |        79520.00 |  2317768.71 Dr. |
 31-Dec-2015 | BY TRANSFER 11/06/01 SHREE OPM SAI~11/06/0000 |        |                 |        80000.00 |  2237768.71 Dr. |
 31-Dec-2015 | TO TRANRECSPROCHROFFTRFROCTDEC2015~99/01/0012 |        |           12.00 |                 |  2237780.71 Dr. |
 31-Dec-2015 | TO INTEREST NORMAL(DEBIT) PRODUC              |        |        15128.00 |                 |  2252908.71 Dr. |
 01-Jan-2016 | BY:60/10/000022:TD INT CREDIT                 |        |                 |          526.00 |  2252382.71 Dr. |
 02-Jan-2016 | BY SI:10\01\001696                            |        |                 |         3000.00 |  2249382.71 Dr. |
 02-Jan-2016 | BY SI:10\01\001854                            |        |                 |        12000.00 |  2237382.71 Dr. |
 02-Jan-2016 | BY CLG BY CLG/811145/99900666/1308/032        | 811145 |                 |         9000.00 |  2228382.71 Dr. |
 02-Jan-2016 | TO CASH MOHAMUD AALAM SHIKH                   |   4488 |        83928.00 |                 |  2312310.71 Dr. |
 02-Jan-2016 | TO CASH DAYANAND SHETTY                       |   4487 |        42100.00 |                 |  2354410.71 Dr. |
 02-Jan-2016 | BY TR54/10/01/1757 SVB SONAWANE 1813 GAIKAWAD |        |                 |        17500.00 |  2336910.71 Dr. |
 04-Jan-2016 | TO CASH P BALKRISHNAN                         |   4489 |        52254.00 |                 |  2389164.71 Dr. |
 05-Jan-2016 | BY SI:10\01\001681                            |        |                 |         9000.00 |  2380164.71 Dr. |
 05-Jan-2016 | BY SI:10\01\001693                            |        |                 |         3500.00 |  2376664.71 Dr. |
 05-Jan-2016 | BY CLG BY CLG/586908/99900668/1366/032        | 586908 |                 |        61200.00 |  2315464.71 Dr. |
 05-Jan-2016 | PUSHPA BINEL                                  |   4491 |        34946.00 |                 |  2350410.71 Dr. |
 05-Jan-2016 | TO TRANSFER 60/11/27 SHRI OM SAI~60/11/000027 |        |        80000.00 |                 |  2430410.71 Dr. |
 05-Jan-2016 | BY CASH                                       |        |                 |        34946.00 |  2395464.71 Dr. |
 05-Jan-2016 | BY TRANSFER09/10/01/6044~10/01/006044/0009    |        |                 |        10000.00 |  2385464.71 Dr. |
 05-Jan-2016 | TO CASH SAMSAD G SALMANI                      |   4492 |       150000.00 |                 |  2535464.71 Dr. |
 06-Jan-2016 | TO CASH KISHOR KENI                           |   4494 |        35510.00 |                 |  2570974.71 Dr. |
 07-Jan-2016 | TO CASH YOGESH GHUMARE                        |   4495 |       200000.00 |                 |  2770974.71 Dr. |
 07-Jan-2016 | BY TRANSFERECS KISAN DAYA WAGHELA~99/01/00120 |        |                 |         3500.00 |  2767474.71 Dr. |
 07-Jan-2016 | BY CLG BY CLG/58452/99900670/1789/032         |  58452 |                 |        10000.00 |  2757474.71 Dr. |
 07-Jan-2016 | BY CASH                                       |        |                 |        30000.00 |  2727474.71 Dr. |
 08-Jan-2016 | BY CLG BY CLG/1456/99900671/1848/032          |   1456 |                 |        97589.00 |  2629885.71 Dr. |
 08-Jan-2016 | BY CLG BY CLG/1450/99900671/1839/032          |   1450 |                 |        94152.00 |  2535733.71 Dr. |
 08-Jan-2016 | BY CLG BY CLG/576767/99900671/1545/032        | 576767 |                 |         7000.00 |  2528733.71 Dr. |
 08-Jan-2016 | TO CASH YOGESH V GHUMARE                      |   4497 |        30000.00 |                 |  2558733.71 Dr. |
 11-Jan-2016 | BY CLG BY CLG/709/99900672/1570/032           |    709 |                 |         5418.00 |  2553315.71 Dr. |
 11-Jan-2016 | TO - THE NEW INDIA ASSURANCE - INDIA ASSURAN  |   4493 |         1163.00 |                 |  2554478.71 Dr. |
 11-Jan-2016 | TO TR 50/17/05 06 07~50/17/000005/0054        |        |       166627.00 |                 |  2721105.71 Dr. |
 11-Jan-2016 | BY CASH                                       |        |                 |        81000.00 |  2640105.71 Dr. |
 11-Jan-2016 | BY CASH                                       |        |                 |         9000.00 |  2631105.71 Dr. |
 12-Jan-2016 | BY CLG BY CLG/490360/99900673/2005/032        | 490360 |                 |         7500.00 |  2623605.71 Dr. |
-----------------------------------------------------------------------------------------------------------------------------

                             MUMBAI DISTRICT CENTRAL CO-OP. BANK LTD.,0054-CHEMBUR COLONY BRANCH                             
              Om Sai Co-Op Credit Society Ltd, Shop No 4 AC,1247 School, Near Golf Club,Chembur ,Mumbai-400074               

Current Date  :13-Feb-2017                                                                                  UserId : REPORT54
Time : 13:04:04 PM                                                                                               Page :17 / 47
                                                    Statement Of Account                                                     
                                              From  01-Apr-2015  to  13-Feb-2017                                             

   Accountno :00541806000001
   Name: SHRI OM SAI COOP CR STY LTD
   Address :4 AC 1247 NEAR DUDHESHWAR MANDIR
   NEAR NATIONAL SARVODAYA HIGHSCHOOL,,DR.C.G.ROAD, CHEMBUR COLONY
   MUMBAI - 400074
   Limit:9630000                                 INR
   Joint Holder:
=============================================================================================================================
 Trans. Date | Particulars                                   | InstNo |      Debit Amt. |     Credit Amt. |         Balance |
=============================================================================================================================
 Opening Bal |                                                                                               2623605.71 Dr. |
 12-Jan-2016 | TO CASH GANESH T JADHAV                       |   4473 |        35337.00 |                 |  2658942.71 Dr. |
 12-Jan-2016 | TO CASH RAVINDRA N MORE                       |   4474 |        17600.00 |                 |  2676542.71 Dr. |
 12-Jan-2016 | YOGESH V GHUMRE                               |   4498 |       500000.00 |                 |  3176542.71 Dr. |
 12-Jan-2016 | BY TRANSFER54/11/06/01 OM SAI~11/06/000001/00 |        |                 |        90000.00 |  3086542.71 Dr. |
 12-Jan-2016 | ToBouncing99900673/2005/18 06 000001-490360   |        |         7500.00 |                 |  3094042.71 Dr. |
 12-Jan-2016 | ToFUNDS INSU99900673/2005/1806-490360         |        |          286.00 |                 |  3094328.71 Dr. |
 13-Jan-2016 | BY CLG BY CLG/953854/99900674/2281/032        | 953854 |                 |        25800.00 |  3068528.71 Dr. |
 13-Jan-2016 | BY TRANSFERECS HO KUMAR NALUU R~99/01/001200/ |        |                 |        12000.00 |  3056528.71 Dr. |
 13-Jan-2016 | BY CASH                                       |        |                 |        22500.00 |  3034028.71 Dr. |
 16-Jan-2016 | BY CASH                                       |        |                 |        87470.00 |  2946558.71 Dr. |
 18-Jan-2016 | TO CASH  SURESH T RAJPAL                      |   4500 |       256224.00 |                 |  3202782.71 Dr. |
 19-Jan-2016 | BY CASH                                       |        |                 |        81550.00 |  3121232.71 Dr. |
 19-Jan-2016 | TO SI:50/09/5                                 |        |       183500.00 |                 |  3304732.71 Dr. |
 19-Jan-2016 | TO SI:50/09/6                                 |        |       315000.00 |                 |  3619732.71 Dr. |
 19-Jan-2016 | TO SI:50/09/7 SHRI OMSAI COOP CR STY          |        |        18000.00 |                 |  3637732.71 Dr. |
 19-Jan-2016 | TO SI:50/09/7 SHRI OMSAI CR STY               |        |        19400.00 |                 |  3657132.71 Dr. |
 19-Jan-2016 | TO SI:50/09/7 SHRI OMSAI COOP CR STY          |        |         9500.00 |                 |  3666632.71 Dr. |
 19-Jan-2016 | TO SI:50/09/7 SHRI OMSAI COOP CR STY          |        |        29000.00 |                 |  3695632.71 Dr. |
 21-Jan-2016 | BY CLG BY CLG/644608/99900681/1799/032        | 644608 |                 |        13000.00 |  3682632.71 Dr. |
 21-Jan-2016 | BY CASH                                       |        |                 |        45000.00 |  3637632.71 Dr. |
 22-Jan-2016 | BY CLG BY CLG/179622/99900682/1857/032        | 179622 |                 |         3000.00 |  3634632.71 Dr. |
 22-Jan-2016 | BY CASH                                       |        |                 |       500000.00 |  3134632.71 Dr. |
 22-Jan-2016 | BY TRF:-60/56/000003                          |        |                 |       171424.00 |  2963208.71 Dr. |
 22-Jan-2016 | TO TRANSFER 60/56/07 SHRI OM SAI~60/56/000007 |        |       175000.00 |                 |  3138208.71 Dr. |
 22-Jan-2016 | BY TR 99/02/5640 RENT PAID A/C JAN2016~99/02/ |        |                 |         5500.00 |  3132708.71 Dr. |
 22-Jan-2016 | TO TR 99/01/2220 TDS PAYABLE A/C~99/01/002220 |        |         5500.00 |                 |  3138208.71 Dr. |
 22-Jan-2016 | BY CASH                                       |        |                 |        10000.00 |  3128208.71 Dr. |
 22-Jan-2016 | ToBouncing99900682/1857/18 06 000001-179622   |        |         3000.00 |                 |  3131208.71 Dr. |
 22-Jan-2016 | ToFUNDS INSU99900682/1857/1806-179622         |        |          286.00 |                 |  3131494.71 Dr. |
 25-Jan-2016 | TO CASH SIKANDAR A TADAVI                     |   4502 |        26000.00 |                 |  3157494.71 Dr. |
 25-Jan-2016 | BY CASH                                       |        |                 |        26000.00 |  3131494.71 Dr. |
 25-Jan-2016 | TO CASH KISHOR S SHRINATH                     |   4503 |        40000.00 |                 |  3171494.71 Dr. |
 25-Jan-2016 | BY CASH                                       |        |                 |        94780.00 |  3076714.71 Dr. |
 25-Jan-2016 | TO TRA10/01/1864LAXMAN P PALKIRDI~10/01/00186 |   4504 |       500000.00 |                 |  3576714.71 Dr. |
 25-Jan-2016 | BY CASH                                       |        |                 |       250000.00 |  3326714.71 Dr. |
 27-Jan-2016 | BY CLG BY CLG/315305/99900684/1913/032        | 315305 |                 |       115000.00 |  3211714.71 Dr. |
 27-Jan-2016 | BY TR 10/01/1285~10/01/001285/0054            |        |                 |        20000.00 |  3191714.71 Dr. |
 27-Jan-2016 | TO CASH KRISHNA M MADKAIKAR                   |   4505 |        35000.00 |                 |  3226714.71 Dr. |
 28-Jan-2016 | BY CASH                                       |        |                 |       345000.00 |  2881714.71 Dr. |
 29-Jan-2016 | BY CASH                                       |        |                 |       100000.00 |  2781714.71 Dr. |
 30-Jan-2016 | TO CASH DINESH SURESH GUJARE                  |   4506 |       100000.00 |                 |  2881714.71 Dr. |
 30-Jan-2016 | TO CASH SUNIL VITHAL DHAKOL                   |   4507 |       100000.00 |                 |  2981714.71 Dr. |
 30-Jan-2016 | TO CASH KAMINI K PATIL                        |   4508 |       100000.00 |                 |  3081714.71 Dr. |
 30-Jan-2016 | TO INTEREST NORMAL(DEBIT) PRODUC              |        |        23676.00 |                 |  3105390.71 Dr. |
 01-Feb-2016 | SATISH B PUNJA                                |   4509 |        30000.00 |                 |  3135390.71 Dr. |
 01-Feb-2016 | BY CASH                                       |        |                 |        30000.00 |  3105390.71 Dr. |
 01-Feb-2016 | SURESH CHODA                                  |   4510 |        82570.00 |                 |  3187960.71 Dr. |
 01-Feb-2016 | BY CASH                                       |        |                 |        50000.00 |  3137960.71 Dr. |
-----------------------------------------------------------------------------------------------------------------------------

                             MUMBAI DISTRICT CENTRAL CO-OP. BANK LTD.,0054-CHEMBUR COLONY BRANCH                             
              Om Sai Co-Op Credit Society Ltd, Shop No 4 AC,1247 School, Near Golf Club,Chembur ,Mumbai-400074               

Current Date  :13-Feb-2017                                                                                  UserId : REPORT54
Time : 13:04:04 PM                                                                                               Page :18 / 47
                                                    Statement Of Account                                                     
                                              From  01-Apr-2015  to  13-Feb-2017                                             

   Accountno :00541806000001
   Name: SHRI OM SAI COOP CR STY LTD
   Address :4 AC 1247 NEAR DUDHESHWAR MANDIR
   NEAR NATIONAL SARVODAYA HIGHSCHOOL,,DR.C.G.ROAD, CHEMBUR COLONY
   MUMBAI - 400074
   Limit:9630000                                 INR
   Joint Holder:
=============================================================================================================================
 Trans. Date | Particulars                                   | InstNo |      Debit Amt. |     Credit Amt. |         Balance |
=============================================================================================================================
 Opening Bal |                                                                                               3137960.71 Dr. |
 02-Feb-2016 | TO CASH HARSHALA SHINGADIYA                   |   4511 |        27944.00 |                 |  3165904.71 Dr. |
 03-Feb-2016 | BY SI:10\01\001757                            |        |                 |         5500.00 |  3160404.71 Dr. |
 03-Feb-2016 | BY CLG BY CLG/10338/99900690/1930/032         |  10338 |                 |        15000.00 |  3145404.71 Dr. |
 03-Feb-2016 | BY SI:10\01\001828                            |        |                 |        11000.00 |  3134404.71 Dr. |
 03-Feb-2016 | BY SI:10\01\001831                            |        |                 |        12000.00 |  3122404.71 Dr. |
 03-Feb-2016 | BY TR 11/06/1 SHREE OM SAI COOP CR STY~11/06/ |        |                 |       108000.00 |  3014404.71 Dr. |
 03-Feb-2016 | TO CASH MOHAN R KATARE                        |   4512 |        20000.00 |                 |  3034404.71 Dr. |
 03-Feb-2016 | BY TRANSFER RENT JAN-2016~99/02/005640/0054   |        |                 |        55000.00 |  2979404.71 Dr. |
 03-Feb-2016 | TO TRANSFER 10/05/05~10/05/000005/0047        |   4513 |        50000.00 |                 |  3029404.71 Dr. |
 04-Feb-2016 | BY SI:10\01\001813                            |        |                 |        12000.00 |  3017404.71 Dr. |
 04-Feb-2016 | BY SI:10\01\001854                            |        |                 |        12000.00 |  3005404.71 Dr. |
 04-Feb-2016 | BY CASH                                       |        |                 |        91000.00 |  2914404.71 Dr. |
 04-Feb-2016 | BY CLG BY CLG/811144/99900691/1843/032        | 811144 |                 |         6035.00 |  2908369.71 Dr. |
 04-Feb-2016 | BY CLG BY CLG/576768/99900691/1867/032        | 576768 |                 |         7000.00 |  2901369.71 Dr. |
 05-Feb-2016 | LAXMAN P PALKIRTI                             |   4514 |        70000.00 |                 |  2971369.71 Dr. |
 05-Feb-2016 | BY CASH                                       |        |                 |        56500.00 |  2914869.71 Dr. |
 05-Feb-2016 | TO CASH LAXMAN P PALKIRTI                     |   4516 |        99000.00 |                 |  3013869.71 Dr. |
 06-Feb-2016 | RAMESH WAGH                                   |   4519 |        15200.00 |                 |  3029069.71 Dr. |
 06-Feb-2016 | KRUSHNA P TALWATKAR                           |   4520 |         9000.00 |                 |  3038069.71 Dr. |
 08-Feb-2016 | BY CLG BY CLG/717/99900694/1844/032           |    717 |                 |       101344.00 |  2936725.71 Dr. |
 08-Feb-2016 | BY CLG BY CLG/12525/99900694/1829/032         |  12525 |                 |       108782.00 |  2827943.71 Dr. |
 08-Feb-2016 | SANTOSH SHIGWAN                               |   4524 |        10400.00 |                 |  2838343.71 Dr. |
 08-Feb-2016 | BY TR H O A/C ECS TR WAGHELA K D~99/01/001200 |        |                 |         3500.00 |  2834843.71 Dr. |
 08-Feb-2016 | TO CASH HAIDARALI                             |   4525 |        11400.00 |                 |  2846243.71 Dr. |
 08-Feb-2016 | TO CASH VIJAY P GUPTA                         |   4521 |       228245.00 |                 |  3074488.71 Dr. |
 08-Feb-2016 | BY TR 9/10/01/6044 M S BURAMBBARKAR~10/01/    |        |                 |        10000.00 |  3064488.71 Dr. |
 09-Feb-2016 | BY CLG BY CLG/805/99900695/1524/032           |    805 |                 |        18966.00 |  3045522.71 Dr. |
 09-Feb-2016 | TO CASH LAMAN T YADHAV                        |   4526 |        18000.00 |                 |  3063522.71 Dr. |
 09-Feb-2016 | TO TRANSFER FIX LOAN INT 50/17/5/6/07~50/17/0 |        |       160878.00 |                 |  3224400.71 Dr. |
 09-Feb-2016 | TO CASH PRIYANKA V GUPTA                      |   4523 |       228245.00 |                 |  3452645.71 Dr. |
 09-Feb-2016 | TO CASH GEETA V GUPTA                         |   4522 |       114076.00 |                 |  3566721.71 Dr. |
 10-Feb-2016 | TO CASH RAMSHANKAR J VARMA                    |   4527 |        11500.00 |                 |  3578221.71 Dr. |
 10-Feb-2016 | BY SI:10\01\001829                            |        |                 |        12000.00 |  3566221.71 Dr. |
 11-Feb-2016 | TO CASH SATISH BHUJAN PUNJA                   |   4528 |        96047.00 |                 |  3662268.71 Dr. |
 11-Feb-2016 | TO CASH BHUSHAN YADHAV                        |   4529 |        53598.00 |                 |  3715866.71 Dr. |
 11-Feb-2016 | TO CASH MEHUL P RANVA                         |   4530 |        10000.00 |                 |  3725866.71 Dr. |
 11-Feb-2016 | BY CASH                                       |        |                 |        32000.00 |  3693866.71 Dr. |
 11-Feb-2016 | BY CASH                                       |        |                 |        10000.00 |  3683866.71 Dr. |
 12-Feb-2016 | BY TRANSFER ECS KUMAR NALLU RAMSWAMI~99/01/00 |        |                 |        12000.00 |  3671866.71 Dr. |
 12-Feb-2016 | BY TRA10/01/1681 KAMBLE GANPAT J~10/01/001681 |        |                 |         9000.00 |  3662866.71 Dr. |
 12-Feb-2016 | TO CASH SURESH RAMCHAND                       |   4531 |        50000.00 |                 |  3712866.71 Dr. |
 15-Feb-2016 | BY CASH                                       |        |                 |        75000.00 |  3637866.71 Dr. |
 16-Feb-2016 | TO CASH SHIROSHE SANTOSH S                    |   4535 |       100000.00 |                 |  3737866.71 Dr. |
 16-Feb-2016 | TO CASH NICHIFE SACHIN G                      |   4533 |       100000.00 |                 |  3837866.71 Dr. |
 16-Feb-2016 | TO CASH DHANKE VIJAY N                        |   4534 |       100000.00 |                 |  3937866.71 Dr. |
 16-Feb-2016 | BY CLG BY CLG/17732/99900700/1879/032         |  17732 |                 |        12100.00 |  3925766.71 Dr. |
 16-Feb-2016 | BY CLG BY CLG/644609/99900700/1909/032        | 644609 |                 |        13000.00 |  3912766.71 Dr. |
 16-Feb-2016 | TO BASUNTLAL YADAV                            |   4532 |        42220.00 |                 |  3954986.71 Dr. |
-----------------------------------------------------------------------------------------------------------------------------

                             MUMBAI DISTRICT CENTRAL CO-OP. BANK LTD.,0054-CHEMBUR COLONY BRANCH                             
              Om Sai Co-Op Credit Society Ltd, Shop No 4 AC,1247 School, Near Golf Club,Chembur ,Mumbai-400074               

Current Date  :13-Feb-2017                                                                                  UserId : REPORT54
Time : 13:04:04 PM                                                                                               Page :19 / 47
                                                    Statement Of Account                                                     
                                              From  01-Apr-2015  to  13-Feb-2017                                             

   Accountno :00541806000001
   Name: SHRI OM SAI COOP CR STY LTD
   Address :4 AC 1247 NEAR DUDHESHWAR MANDIR
   NEAR NATIONAL SARVODAYA HIGHSCHOOL,,DR.C.G.ROAD, CHEMBUR COLONY
   MUMBAI - 400074
   Limit:9630000                                 INR
   Joint Holder:
=============================================================================================================================
 Trans. Date | Particulars                                   | InstNo |      Debit Amt. |     Credit Amt. |         Balance |
=============================================================================================================================
 Opening Bal |                                                                                               3954986.71 Dr. |
 16-Feb-2016 | BY CASH                                       |        |                 |         9500.00 |  3945486.71 Dr. |
 17-Feb-2016 | BY CLG BY CLG/21731/99900702/2290/032         |  21731 |                 |         3000.00 |  3942486.71 Dr. |
 17-Feb-2016 | BY REN:-60/55/000007                          |        |                 |          283.00 |  3942203.71 Dr. |
 17-Feb-2016 | BY CASH                                       |        |                 |        50000.00 |  3892203.71 Dr. |
 17-Feb-2016 | BY TRF:-60/11/000201                          |        |                 |         7631.00 |  3884572.71 Dr. |
 17-Feb-2016 | BY TRF:-60/10/000017                          |        |                 |       133547.00 |  3751025.71 Dr. |
 18-Feb-2016 | TO CASH KISHORI SAPARIYA                      |   4536 |        15600.00 |                 |  3766625.71 Dr. |
 18-Feb-2016 | BY TRAN11/06/01 SHREE OM SAI CO OP CR STY~11/ |        |                 |        11000.00 |  3755625.71 Dr. |
 19-Feb-2016 | TO SI:50/09/5                                 |        |       183500.00 |                 |  3939125.71 Dr. |
 19-Feb-2016 | TO SI:50/09/6                                 |        |       315000.00 |                 |  4254125.71 Dr. |
 19-Feb-2016 | TO SI:50/09/7 SHRI OMSAI COOP CR STY          |        |        18000.00 |                 |  4272125.71 Dr. |
 19-Feb-2016 | TO SI:50/09/7 SHRI OMSAI CR STY               |        |        19400.00 |                 |  4291525.71 Dr. |
 19-Feb-2016 | TO SI:50/09/7 SHRI OMSAI COOP CR STY          |        |         9500.00 |                 |  4301025.71 Dr. |
 19-Feb-2016 | TO SI:50/09/7 SHRI OMSAI COOP CR STY          |        |        29000.00 |                 |  4330025.71 Dr. |
 20-Feb-2016 | TO TRANSFER 60/10/24 60/1128 FIX DIPOSIT~60/1 |        |       136000.00 |                 |  4466025.71 Dr. |
 22-Feb-2016 | BY TR 27/11/06/90 SHREE OM SAI COOP CR STY    |        |                 |        25000.00 |  4441025.71 Dr. |
 22-Feb-2016 | BY CASH                                       |        |                 |        50000.00 |  4391025.71 Dr. |
 23-Feb-2016 | BY CLG BY CLG/898535/99900706/1978/032        | 898535 |                 |       159123.00 |  4231902.71 Dr. |
 23-Feb-2016 | TO CASH SURENDRANATH SHUKLA                   |   4538 |        46535.00 |                 |  4278437.71 Dr. |
 24-Feb-2016 | BY TRANSFER RENT BRANCH PRIMISES  FEB-16~99/0 |        |                 |        55000.00 |  4223437.71 Dr. |
 24-Feb-2016 | TO TRANSFER BRANCH RENT TDS FEB-16~99/01/0022 |        |         5500.00 |                 |  4228937.71 Dr. |
 26-Feb-2016 | BY CASH                                       |        |                 |        50000.00 |  4178937.71 Dr. |
 29-Feb-2016 | BY CASH                                       |        |                 |       100000.00 |  4078937.71 Dr. |
 29-Feb-2016 | BY CASH                                       |        |                 |        30000.00 |  4048937.71 Dr. |
 29-Feb-2016 | TO INTEREST NORMAL(DEBIT) PRODUC              |        |        27375.00 |                 |  4076312.71 Dr. |
 01-Mar-2016 | BY CLG BY CLG/592143/99900711/1480/032        | 592143 |                 |        10000.00 |  4066312.71 Dr. |
 01-Mar-2016 | BY TR 10/01/1285 KADAM SIDHARTH~10/01/001285/ |        |                 |        20000.00 |  4046312.71 Dr. |
 02-Mar-2016 | BY SI:10\01\001696                            |        |                 |         3000.00 |  4043312.71 Dr. |
 02-Mar-2016 | BY SI:10\01\001757                            |        |                 |         5500.00 |  4037812.71 Dr. |
 02-Mar-2016 | BY SI:10\01\001813                            |        |                 |        12000.00 |  4025812.71 Dr. |
 02-Mar-2016 | BY SI:10\01\001831                            |        |                 |        12000.00 |  4013812.71 Dr. |
 02-Mar-2016 | BY SI:10\01\001854                            |        |                 |        12000.00 |  4001812.71 Dr. |
 02-Mar-2016 | TO CASH RADHESHAM                             |   4541 |       113379.00 |                 |  4115191.71 Dr. |
 02-Mar-2016 | TO CASH NIKHIL S DHAKA                        |   4542 |        40832.00 |                 |  4156023.71 Dr. |
 02-Mar-2016 | BY TR 11/06/1 SHREE OM SAI COOP CR STY~11/06/ |        |                 |       155000.00 |  4001023.71 Dr. |
 03-Mar-2016 | BY CASH                                       |        |                 |        65000.00 |  3936023.71 Dr. |
 04-Mar-2016 | BY CLG BY CLG/644610/99900714/1514/032        | 644610 |                 |        13000.00 |  3923023.71 Dr. |
 04-Mar-2016 | BY CLG BY CLG/131523/99900714/1623/032        | 131523 |                 |        40650.00 |  3882373.71 Dr. |
 04-Mar-2016 | BY CLG BY CLG/576770/99900714/1629/032        | 576770 |                 |        10000.00 |  3872373.71 Dr. |
 04-Mar-2016 | BY TR 10/01/1864 PALKIRTTI~10/01/001864/0054  |        |                 |         7500.00 |  3864873.71 Dr. |
 04-Mar-2016 | TO CASH SUBASH KIRVALE                        |   4543 |        50000.00 |                 |  3914873.71 Dr. |
 05-Mar-2016 | TO - MTNL - TO CTSIW CLG : 8000749/MTNL/8000  |   4540 |         2909.00 |                 |  3917782.71 Dr. |
 05-Mar-2016 | BY TR 10/01/1864 PALKARTI L P~10/01/001864/00 |        |                 |         5000.00 |  3912782.71 Dr. |
 07-Mar-2016 | BY CLG BY CLG/1533/99900716/1479/032          |   1533 |                 |        19943.00 |  3892839.71 Dr. |
 08-Mar-2016 | BY:60/10/000007:TD INT CREDIT                 |        |                 |         5329.00 |  3887510.71 Dr. |
 08-Mar-2016 | BY:60/11/000012:TD INT CREDIT                 |        |                 |         1421.00 |  3886089.71 Dr. |
 08-Mar-2016 | BY ECS TR KISAHAN D WAGHELA~99/01/001200/0054 |        |                 |         3500.00 |  3882589.71 Dr. |
 08-Mar-2016 | TO CASH KRUSHNA P TALWATKAR                   |   4547 |        13800.00 |                 |  3896389.71 Dr. |
-----------------------------------------------------------------------------------------------------------------------------

                             MUMBAI DISTRICT CENTRAL CO-OP. BANK LTD.,0054-CHEMBUR COLONY BRANCH                             
              Om Sai Co-Op Credit Society Ltd, Shop No 4 AC,1247 School, Near Golf Club,Chembur ,Mumbai-400074               

Current Date  :13-Feb-2017                                                                                  UserId : REPORT54
Time : 13:04:04 PM                                                                                               Page :20 / 47
                                                    Statement Of Account                                                     
                                              From  01-Apr-2015  to  13-Feb-2017                                             

   Accountno :00541806000001
   Name: SHRI OM SAI COOP CR STY LTD
   Address :4 AC 1247 NEAR DUDHESHWAR MANDIR
   NEAR NATIONAL SARVODAYA HIGHSCHOOL,,DR.C.G.ROAD, CHEMBUR COLONY
   MUMBAI - 400074
   Limit:9630000                                 INR
   Joint Holder:
=============================================================================================================================
 Trans. Date | Particulars                                   | InstNo |      Debit Amt. |     Credit Amt. |         Balance |
=============================================================================================================================
 Opening Bal |                                                                                               3896389.71 Dr. |
 08-Mar-2016 | TO CASH AMIT S SATIGVAN                       |   4546 |        10771.00 |                 |  3907160.71 Dr. |
 08-Mar-2016 | TO MEENA D WAGHELA                            |   4545 |        13000.00 |                 |  3920160.71 Dr. |
 08-Mar-2016 | BY TR 10/01/1828 BANGALE MARUTI R~10/01/00182 |        |                 |         9600.00 |  3910560.71 Dr. |
 08-Mar-2016 | BY CASH                                       |        |                 |       100000.00 |  3810560.71 Dr. |
 09-Mar-2016 | BY CLG BY CLG/1531/99900717/1846/032          |   1531 |                 |        74411.00 |  3736149.71 Dr. |
 09-Mar-2016 | BY CLG BY CLG/12872/99900717/1814/032         |  12872 |                 |        21680.00 |  3714469.71 Dr. |
 09-Mar-2016 | BY CLG BY CLG/1543/99900717/1919/032          |   1543 |                 |        89588.00 |  3624881.71 Dr. |
 09-Mar-2016 | TO TR 30/11/06/12 SHREE OM SAI COOP CR STY~11 |   4549 |        50000.00 |                 |  3674881.71 Dr. |
 09-Mar-2016 | TO CASH D S JADHAV                            |   4548 |        20000.00 |                 |  3694881.71 Dr. |
 09-Mar-2016 | TO TRANSFER FIX LAON INT 50/17/5/06/07~50/17/ |        |       140441.00 |                 |  3835322.71 Dr. |
 10-Mar-2016 | BY CLG BY CLG/954342/99900718/2242/032        | 954342 |                 |        10000.00 |  3825322.71 Dr. |
 10-Mar-2016 | BY CASH                                       |        |                 |        50000.00 |  3775322.71 Dr. |
 11-Mar-2016 | BY CLG BY CLG/726/99900719/2096/032           |    726 |                 |         7518.00 |  3767804.71 Dr. |
 11-Mar-2016 | TO CASH BHUSHAN M YADAV                       |   2051 |        53598.00 |                 |  3821402.71 Dr. |
 11-Mar-2016 | BY CASH                                       |        |                 |       150000.00 |  3671402.71 Dr. |
 14-Mar-2016 | BY:60/10/000008:TD INT CREDIT                 |        |                 |         5124.00 |  3666278.71 Dr. |
 14-Mar-2016 | TO CASH ATESH K BHOIR                         |   2053 |       100000.00 |                 |  3766278.71 Dr. |
 14-Mar-2016 | TO CASH SHELAR A B                            |   2054 |       100000.00 |                 |  3866278.71 Dr. |
 14-Mar-2016 | TO CASH RAJESH R PATIL                        |   2055 |       100000.00 |                 |  3966278.71 Dr. |
 14-Mar-2016 | TO CASH KAILAS T BHOIR                        |   2056 |       100000.00 |                 |  4066278.71 Dr. |
 14-Mar-2016 | TO CASH TUSHAR S C                            |   2057 |       100000.00 |                 |  4166278.71 Dr. |
 14-Mar-2016 | TO CASH VINAY V C                             |   2058 |       100000.00 |                 |  4266278.71 Dr. |
 14-Mar-2016 | BY TR ECS KUMAR NALLU RAMSWAMI~99/01/001200/0 |        |                 |        12000.00 |  4254278.71 Dr. |
 14-Mar-2016 | BY CASH                                       |        |                 |       100000.00 |  4154278.71 Dr. |
 15-Mar-2016 | BY CLG BY CLG/33974/99900721/1939/032         |  33974 |                 |         8000.00 |  4146278.71 Dr. |
 15-Mar-2016 | TO CASH DIPAK C KHARAT                        |   2060 |        55000.00 |                 |  4201278.71 Dr. |
 15-Mar-2016 | TO CASH SATISH B P SHETTY                     |   2059 |        25000.00 |                 |  4226278.71 Dr. |
 15-Mar-2016 | BY CASH                                       |        |                 |        75000.00 |  4151278.71 Dr. |
 15-Mar-2016 | BY CASH                                       |        |                 |        25000.00 |  4126278.71 Dr. |
 16-Mar-2016 | TO CASH PARMJEET M M                          |   2062 |        41432.00 |                 |  4167710.71 Dr. |
 16-Mar-2016 | BY TR SHREE OM SAI COOP CR STY LTD~11/06/0000 |        |                 |       315000.00 |  3852710.71 Dr. |
 16-Mar-2016 | BY CASH                                       |        |                 |        50000.00 |  3802710.71 Dr. |
 17-Mar-2016 | BY:60/11/000013:TD INT CREDIT                 |        |                 |          149.00 |  3802561.71 Dr. |
 17-Mar-2016 | TO CASH VINOD/0009                            |   2101 |        53000.00 |                 |  3855561.71 Dr. |
 17-Mar-2016 | BY CASH                                       |        |                 |        40000.00 |  3815561.71 Dr. |
 18-Mar-2016 | BY:60/11/000011:TD INT CREDIT                 |        |                 |         2037.00 |  3813524.71 Dr. |
 18-Mar-2016 | TO - RELIANCE INFRASTRUCTURE - INFRASTRUCTUR  |   2052 |         4420.00 |                 |  3817944.71 Dr. |
 18-Mar-2016 | BY CASH                                       |        |                 |        80000.00 |  3737944.71 Dr. |
 19-Mar-2016 | TO SI:50/09/5                                 |        |       183500.00 |                 |  3921444.71 Dr. |
 19-Mar-2016 | TO SI:50/09/6                                 |        |       315000.00 |                 |  4236444.71 Dr. |
 19-Mar-2016 | TO SI:50/09/7 SHRI OMSAI COOP CR STY          |        |        18000.00 |                 |  4254444.71 Dr. |
 19-Mar-2016 | TO SI:50/09/7 SHRI OMSAI CR STY               |        |        19400.00 |                 |  4273844.71 Dr. |
 19-Mar-2016 | TO SI:50/09/7 SHRI OMSAI COOP CR STY          |        |         9500.00 |                 |  4283344.71 Dr. |
 19-Mar-2016 | TO SI:50/09/7 SHRI OMSAI COOP CR STY          |        |        29000.00 |                 |  4312344.71 Dr. |
 19-Mar-2016 | TO - SAHAKAR PRASHIKSHAN KEN - TO CTSIW CLG   |   2061 |         1800.00 |                 |  4314144.71 Dr. |
 19-Mar-2016 | TO - MCGM   GENERAL FUND - TO CTSIW CLG : 80  |   4550 |        17994.00 |                 |  4332138.71 Dr. |
 19-Mar-2016 | BY TR 11/06/1 SHREE OM SAI COOP CR STY~11/06/ |        |                 |       330000.00 |  4002138.71 Dr. |
 19-Mar-2016 | BY CASH                                       |        |                 |        20000.00 |  3982138.71 Dr. |
-----------------------------------------------------------------------------------------------------------------------------

                             MUMBAI DISTRICT CENTRAL CO-OP. BANK LTD.,0054-CHEMBUR COLONY BRANCH                             
              Om Sai Co-Op Credit Society Ltd, Shop No 4 AC,1247 School, Near Golf Club,Chembur ,Mumbai-400074               

Current Date  :13-Feb-2017                                                                                  UserId : REPORT54
Time : 13:04:04 PM                                                                                               Page :21 / 47
                                                    Statement Of Account                                                     
                                              From  01-Apr-2015  to  13-Feb-2017                                             

   Accountno :00541806000001
   Name: SHRI OM SAI COOP CR STY LTD
   Address :4 AC 1247 NEAR DUDHESHWAR MANDIR
   NEAR NATIONAL SARVODAYA HIGHSCHOOL,,DR.C.G.ROAD, CHEMBUR COLONY
   MUMBAI - 400074
   Limit:9630000                                 INR
   Joint Holder:
=============================================================================================================================
 Trans. Date | Particulars                                   | InstNo |      Debit Amt. |     Credit Amt. |         Balance |
=============================================================================================================================
 Opening Bal |                                                                                               3982138.71 Dr. |
 21-Mar-2016 | BY TRF:-60/11/000013                          |        |                 |         7339.00 |  3974799.71 Dr. |
 21-Mar-2016 | BY TR 11/06/1 SHREE OM SAI COOP CR STY~11/06/ |        |                 |        95000.00 |  3879799.71 Dr. |
 21-Mar-2016 | TO TRANSFER60/11/31 SHRI OM SAI~60/11/000031/ |        |         8000.00 |                 |  3887799.71 Dr. |
 21-Mar-2016 | BY CASH                                       |        |                 |        30000.00 |  3857799.71 Dr. |
 22-Mar-2016 | BY CLG BY CLG/490363/99900727/1803/032        | 490363 |                 |        10000.00 |  3847799.71 Dr. |
 22-Mar-2016 | TO TRANSFER30/11/06/12 SHRI OM SAI~11/06/0000 |   2065 |       170000.00 |                 |  4017799.71 Dr. |
 22-Mar-2016 | TO TRANSFER54/10/01/1896 MOHAMEED SARIF~10/01 |   2064 |       250000.00 |                 |  4267799.71 Dr. |
 22-Mar-2016 | BY CASH                                       |        |                 |        30000.00 |  4237799.71 Dr. |
 22-Mar-2016 | BY TRANSFER54/11/06/01 OM SAI~11/06/000001/00 |        |                 |       195000.00 |  4042799.71 Dr. |
 23-Mar-2016 | BY CLG BY CLG/10703/99900728/1905/032         |  10703 |                 |        15000.00 |  4027799.71 Dr. |
 23-Mar-2016 | BY TR 11/06/1 SHRI OM SAI COOP CR STY~11/06/0 |        |                 |       316000.00 |  3711799.71 Dr. |
 23-Mar-2016 | BY CASH                                       |        |                 |        50000.00 |  3661799.71 Dr. |
 23-Mar-2016 | TO TR 30/11/06/12 SHREE OM SAI COOP CR STY~11 |   2066 |       500000.00 |                 |  4161799.71 Dr. |
 28-Mar-2016 | BY CASH                                       |        |                 |        70000.00 |  4091799.71 Dr. |
 28-Mar-2016 | BY TR ECS PRO CHR FTR FR JAN-MAR-2016 TR HO~9 |        |                 |           14.00 |  4091785.71 Dr. |
 28-Mar-2016 | BY TRANSFER RENT BRANCH PRIMISES MAR-16~99/02 |        |                 |        55000.00 |  4036785.71 Dr. |
 28-Mar-2016 | TO TRANSFERRENT TDS MONTH MARCH 16~99/01/0022 |        |         5500.00 |                 |  4042285.71 Dr. |
 29-Mar-2016 | BY CASH                                       |        |                 |        70000.00 |  3972285.71 Dr. |
 29-Mar-2016 | TO - MCGM   WATER AND SEWERA - TO CTSIW CLG   |   2063 |         1604.00 |                 |  3973889.71 Dr. |
 29-Mar-2016 | TO TR 30/11/06/12 SHREE OM SAI COOP CR STY~11 |   2068 |       540000.00 |                 |  4513889.71 Dr. |
 30-Mar-2016 | BY TRF:-60/53/000074                          |        |                 |       152771.00 |  4361118.71 Dr. |
 30-Mar-2016 | TO TRANSFER60/53/196 SHRI OM SAI~60/53/000193 |        |       160000.00 |                 |  4521118.71 Dr. |
 30-Mar-2016 | TO CASH SHASHI RAMESH THAPAR                  |   2067 |        34682.00 |                 |  4555800.71 Dr. |
 30-Mar-2016 | BY CASH                                       |        |                 |        34682.00 |  4521118.71 Dr. |
 30-Mar-2016 | TO CASH MUKESH V GHUMARE                      |   2071 |        39000.00 |                 |  4560118.71 Dr. |
 30-Mar-2016 | BY CASH                                       |        |                 |        44000.00 |  4516118.71 Dr. |
 31-Mar-2016 | BY:60/10/000010:TD INT CREDIT                 |        |                 |        11875.00 |  4504243.71 Dr. |
 31-Mar-2016 | BY:60/10/000011:TD INT CREDIT                 |        |                 |        19000.00 |  4485243.71 Dr. |
 31-Mar-2016 | BY:60/10/000012:TD INT CREDIT                 |        |                 |         3563.00 |  4481680.71 Dr. |
 31-Mar-2016 | BY:60/10/000013:TD INT CREDIT                 |        |                 |         1045.00 |  4480635.71 Dr. |
 31-Mar-2016 | BY:60/10/000017:TD INT CREDIT                 |        |                 |         4156.00 |  4476479.71 Dr. |
 31-Mar-2016 | BY:60/10/000019:TD INT CREDIT                 |        |                 |         2700.00 |  4473779.71 Dr. |
 31-Mar-2016 | BY:60/10/000020:TD INT CREDIT                 |        |                 |         4375.00 |  4469404.71 Dr. |
 31-Mar-2016 | BY:60/10/000021:TD INT CREDIT                 |        |                 |         2188.00 |  4467216.71 Dr. |
 31-Mar-2016 | BY:60/10/000022:TD INT CREDIT                 |        |                 |         4000.00 |  4463216.71 Dr. |
 31-Mar-2016 | BY:60/10/000024:TD INT CREDIT                 |        |                 |         1425.00 |  4461791.71 Dr. |
 31-Mar-2016 | BY:60/10/000025:TD INT CREDIT                 |        |                 |         1046.00 |  4460745.71 Dr. |
 31-Mar-2016 | BY:60/10/000026:TD INT CREDIT                 |        |                 |         1578.00 |  4459167.71 Dr. |
 31-Mar-2016 | BY:60/11/000016:TD INT CREDIT                 |        |                 |          117.00 |  4459050.71 Dr. |
 31-Mar-2016 | BY:60/11/000019:TD INT CREDIT                 |        |                 |          238.00 |  4458812.71 Dr. |
 31-Mar-2016 | BY:60/11/000020:TD INT CREDIT                 |        |                 |         3800.00 |  4455012.71 Dr. |
 31-Mar-2016 | BY:60/11/000025:TD INT CREDIT                 |        |                 |          242.00 |  4454770.71 Dr. |
 31-Mar-2016 | BY:60/11/000027:TD INT CREDIT                 |        |                 |         1525.00 |  4453245.71 Dr. |
 31-Mar-2016 | BY:60/11/000028:TD INT CREDIT                 |        |                 |           66.00 |  4453179.71 Dr. |
 31-Mar-2016 | BY:60/11/000029:TD INT CREDIT                 |        |                 |          307.00 |  4452872.71 Dr. |
 31-Mar-2016 | BY:60/11/000030:TD INT CREDIT                 |        |                 |          421.00 |  4452451.71 Dr. |
 31-Mar-2016 | BY:60/11/000031:TD INT CREDIT                 |        |                 |           19.00 |  4452432.71 Dr. |
 31-Mar-2016 | BY:60/12/000122:TD INT CREDIT                 |        |                 |         2375.00 |  4450057.71 Dr. |
-----------------------------------------------------------------------------------------------------------------------------

                             MUMBAI DISTRICT CENTRAL CO-OP. BANK LTD.,0054-CHEMBUR COLONY BRANCH                             
              Om Sai Co-Op Credit Society Ltd, Shop No 4 AC,1247 School, Near Golf Club,Chembur ,Mumbai-400074               

Current Date  :13-Feb-2017                                                                                  UserId : REPORT54
Time : 13:04:04 PM                                                                                               Page :22 / 47
                                                    Statement Of Account                                                     
                                              From  01-Apr-2015  to  13-Feb-2017                                             

   Accountno :00541806000001
   Name: SHRI OM SAI COOP CR STY LTD
   Address :4 AC 1247 NEAR DUDHESHWAR MANDIR
   NEAR NATIONAL SARVODAYA HIGHSCHOOL,,DR.C.G.ROAD, CHEMBUR COLONY
   MUMBAI - 400074
   Limit:9630000                                 INR
   Joint Holder:
=============================================================================================================================
 Trans. Date | Particulars                                   | InstNo |      Debit Amt. |     Credit Amt. |         Balance |
=============================================================================================================================
 Opening Bal |                                                                                               4450057.71 Dr. |
 31-Mar-2016 | BY:60/12/000128:TD INT CREDIT                 |        |                 |         4750.00 |  4445307.71 Dr. |
 31-Mar-2016 | BY:60/12/000130:TD INT CREDIT                 |        |                 |         4750.00 |  4440557.71 Dr. |
 31-Mar-2016 | BY:60/12/000133:TD INT CREDIT                 |        |                 |        41563.00 |  4398994.71 Dr. |
 31-Mar-2016 | BY:60/12/000134:TD INT CREDIT                 |        |                 |         2375.00 |  4396619.71 Dr. |
 31-Mar-2016 | BY:60/12/000135:TD INT CREDIT                 |        |                 |         4750.00 |  4391869.71 Dr. |
 31-Mar-2016 | BY:60/12/000174:TD INT CREDIT                 |        |                 |          475.00 |  4391394.71 Dr. |
 31-Mar-2016 | BY:60/12/000177:TD INT CREDIT                 |        |                 |         4750.00 |  4386644.71 Dr. |
 31-Mar-2016 | BY:60/12/000208:TD INT CREDIT                 |        |                 |        10250.00 |  4376394.71 Dr. |
 31-Mar-2016 | BY:60/12/000209:TD INT CREDIT                 |        |                 |        10250.00 |  4366144.71 Dr. |
 31-Mar-2016 | BY:60/12/000210:TD INT CREDIT                 |        |                 |        10250.00 |  4355894.71 Dr. |
 31-Mar-2016 | BY:60/12/000212:TD INT CREDIT                 |        |                 |        20500.00 |  4335394.71 Dr. |
 31-Mar-2016 | BY:60/12/000216:TD INT CREDIT                 |        |                 |        10000.00 |  4325394.71 Dr. |
 31-Mar-2016 | BY:60/12/000217:TD INT CREDIT                 |        |                 |        20000.00 |  4305394.71 Dr. |
 31-Mar-2016 | BY:60/12/000218:TD INT CREDIT                 |        |                 |        20000.00 |  4285394.71 Dr. |
 31-Mar-2016 | BY:60/12/000219:TD INT CREDIT                 |        |                 |        20000.00 |  4265394.71 Dr. |
 31-Mar-2016 | BY CLG BY CLG/21750/99900732/2103/032         |  21750 |                 |         3000.00 |  4262394.71 Dr. |
 31-Mar-2016 | BY TRF:-60/53/000068                          |        |                 |        26026.00 |  4236368.71 Dr. |
 31-Mar-2016 | TO TR 60/53/200 SHREE OM SAI COOP CR STY~60/5 |        |        70000.00 |                 |  4306368.71 Dr. |
 31-Mar-2016 | TO CASH SANJAY DHONDU JADHAV                  |   2072 |       350000.00 |                 |  4656368.71 Dr. |
 31-Mar-2016 | BY TR 11/06/90,11/06/1,11/06/12 SHREE OM SAI~ |        |                 |       106500.00 |  4549868.71 Dr. |
 31-Mar-2016 | BY TR 10/01/1828 BANGALE MARUTI~10/01/001828/ |        |                 |         1600.00 |  4548268.71 Dr. |
 31-Mar-2016 | BY CASH                                       |        |                 |       350000.00 |  4198268.71 Dr. |
 31-Mar-2016 | BY CASH                                       |        |                 |        89000.00 |  4109268.71 Dr. |
 31-Mar-2016 | BY CASH                                       |        |                 |        21000.00 |  4088268.71 Dr. |
 31-Mar-2016 | TO CASH MALTI BHASKAR SHELAR                  |   2075 |        78000.00 |                 |  4166268.71 Dr. |
 31-Mar-2016 | TO CASH SANKET SURESH SHELAR                  |   2074 |        50000.00 |                 |  4216268.71 Dr. |
 31-Mar-2016 | BY CASH                                       |        |                 |        10000.00 |  4206268.71 Dr. |
 31-Mar-2016 | BY CASH                                       |        |                 |       128000.00 |  4078268.71 Dr. |
 31-Mar-2016 | TO INTEREST NORMAL(DEBIT) PRODUC              |        |        32467.00 |                 |  4110735.71 Dr. |
 02-Apr-2016 | BY SI:10\01\001696                            |        |                 |         3000.00 |  4107735.71 Dr. |
 02-Apr-2016 | BY SI:10\01\001757                            |        |                 |         5500.00 |  4102235.71 Dr. |
 02-Apr-2016 | BY SI:10\01\001813                            |        |                 |        12000.00 |  4090235.71 Dr. |
 02-Apr-2016 | BY SI:10\01\001828                            |        |                 |        11000.00 |  4079235.71 Dr. |
 02-Apr-2016 | BY SI:10\01\001831                            |        |                 |        12000.00 |  4067235.71 Dr. |
 02-Apr-2016 | BY SI:10\01\001854                            |        |                 |        12000.00 |  4055235.71 Dr. |
 02-Apr-2016 | BY TR SHINDE GAUTAM27/10/01/2723~10/01/002    |        |                 |         3000.00 |  4052235.71 Dr. |
 02-Apr-2016 | BY TR 10/01/6044 M S BURAMBADKAR~10/01/006    |        |                 |        13500.00 |  4038735.71 Dr. |
 02-Apr-2016 | BY TR 10/01/1864 PALKIRTI,KADAM SIDHARTH~10/0 |        |                 |         8700.00 |  4030035.71 Dr. |
 02-Apr-2016 | BY CASH                                       |        |                 |      1000000.00 |  3030035.71 Dr. |
 02-Apr-2016 | TO TR 30/11/06/12 SHREE OM SAI COOP CR STY~11 |   2076 |       100000.00 |                 |  3130035.71 Dr. |
 04-Apr-2016 | BY CASH                                       |        |                 |       500000.00 |  2630035.71 Dr. |
 04-Apr-2016 | TO TR 10/01/6426 MUKESH V GHUMRE~10/01/006426 |   2077 |        18000.00 |                 |  2648035.71 Dr. |
 04-Apr-2016 | TO CASH HANY SIROHI                           |   2078 |        50862.00 |                 |  2698897.71 Dr. |
 04-Apr-2016 | TO TR 11/06/12 SHREE OM SAI COOP CR STY LTD~1 |   2079 |       700000.00 |                 |  3398897.71 Dr. |
 04-Apr-2016 | TO CASH SUSHMITA PRADHAN                      |   2069 |       388865.00 |                 |  3787762.71 Dr. |
 05-Apr-2016 | BY CLG BY CLG/644612/99900735/1601/032        | 644612 |                 |        13000.00 |  3774762.71 Dr. |
 05-Apr-2016 | BY CLG BY CLG/34027/99900735/1664/032         |  34027 |                 |         8000.00 |  3766762.71 Dr. |
 05-Apr-2016 | BY CLG BY CLG/576771/99900735/1719/032        | 576771 |                 |         7000.00 |  3759762.71 Dr. |
-----------------------------------------------------------------------------------------------------------------------------

                             MUMBAI DISTRICT CENTRAL CO-OP. BANK LTD.,0054-CHEMBUR COLONY BRANCH                             
              Om Sai Co-Op Credit Society Ltd, Shop No 4 AC,1247 School, Near Golf Club,Chembur ,Mumbai-400074               

Current Date  :13-Feb-2017                                                                                  UserId : REPORT54
Time : 13:04:04 PM                                                                                               Page :23 / 47
                                                    Statement Of Account                                                     
                                              From  01-Apr-2015  to  13-Feb-2017                                             

   Accountno :00541806000001
   Name: SHRI OM SAI COOP CR STY LTD
   Address :4 AC 1247 NEAR DUDHESHWAR MANDIR
   NEAR NATIONAL SARVODAYA HIGHSCHOOL,,DR.C.G.ROAD, CHEMBUR COLONY
   MUMBAI - 400074
   Limit:9630000                                 INR
   Joint Holder:
=============================================================================================================================
 Trans. Date | Particulars                                   | InstNo |      Debit Amt. |     Credit Amt. |         Balance |
=============================================================================================================================
 Opening Bal |                                                                                               3759762.71 Dr. |
 05-Apr-2016 | TO CASH DILIP G KAMBLE                        |   2082 |       150000.00 |                 |  3909762.71 Dr. |
 05-Apr-2016 | TO CASH S R PRAJAPATI                         |   2081 |        35796.00 |                 |  3945558.71 Dr. |
 05-Apr-2016 | TO TR ECS PRO CHARGES FTR WRANGLY  CR 28/03/2 |        |           14.00 |                 |  3945572.71 Dr. |
 05-Apr-2016 | TO TR 11/06/12 SHREE OM SAI COOP CR STY LTD~1 |   2083 |       490000.00 |                 |  4435572.71 Dr. |
 05-Apr-2016 | TO CASH PANDURANG G JADHAV                    |   2084 |        98182.00 |                 |  4533754.71 Dr. |
 05-Apr-2016 | BY CASH                                       |        |                 |        20000.00 |  4513754.71 Dr. |
 05-Apr-2016 | BY CASH                                       |        |                 |        98182.00 |  4415572.71 Dr. |
 06-Apr-2016 | BY CLG BY CLG/17733/99900736/1896/032         |  17733 |                 |         7600.00 |  4407972.71 Dr. |
 06-Apr-2016 | BY CLG BY CLG/58461/99900736/1603/032         |  58461 |                 |        10000.00 |  4397972.71 Dr. |
 07-Apr-2016 | BY SI:10\01\001693                            |        |                 |         3500.00 |  4394472.71 Dr. |
 07-Apr-2016 | TO TRANSFER WRONG RENT PAID 22-JAN 16~99/02/0 |        |         5500.00 |                 |  4399972.71 Dr. |
 07-Apr-2016 | TO CASH KARISHMA K SUTHAR                     |   2085 |        50000.00 |                 |  4449972.71 Dr. |
 07-Apr-2016 | BY TR ECS TR H O A/CARAT & KISHAN WA~99/01/00 |        |                 |        15500.00 |  4434472.71 Dr. |
 07-Apr-2016 | TO TR FIX LOAN INT TR 50/17/5,6,7 FOR MARCH 1 |        |       149383.00 |                 |  4583855.71 Dr. |
 08-Apr-2016 | BY CLG BY CLG/1564/99900738/1328/032          |   1564 |                 |        57023.00 |  4526832.71 Dr. |
 08-Apr-2016 | BY CLG BY CLG/954691/99900738/1278/032        | 954691 |                 |         5000.00 |  4521832.71 Dr. |
 08-Apr-2016 | BY CLG BY CLG/1560/99900738/1379/032          |   1560 |                 |        48586.00 |  4473246.71 Dr. |
 08-Apr-2016 | BY CLG BY CLG/13121/99900738/1401/032         |  13121 |                 |        80728.00 |  4392518.71 Dr. |
 11-Apr-2016 | TO CASH BHUSHAN M YADAV                       |   2088 |        58707.00 |                 |  4451225.71 Dr. |
 11-Apr-2016 | TO CASH PUSHPA I BIND                         |   2089 |        39048.00 |                 |  4490273.71 Dr. |
 11-Apr-2016 | TO TR 11/06/12 SHREE OM SAI COOP CR STY LTD~1 |   2090 |       435000.00 |                 |  4925273.71 Dr. |
 11-Apr-2016 | BY CASH                                       |        |                 |       100000.00 |  4825273.71 Dr. |
 11-Apr-2016 | TO TR 30/11/06/12 SHREE OM SAI COOP CR STY~11 |   2092 |       500000.00 |                 |  5325273.71 Dr. |
 12-Apr-2016 | BY CLG BY CLG/811147/99900739/2657/032        | 811147 |                 |         9000.00 |  5316273.71 Dr. |
 12-Apr-2016 | TO CASH SUCHITA V GHUMRE                      |   2093 |        20000.00 |                 |  5336273.71 Dr. |
 12-Apr-2016 | TO CASH SHAIKH KOUSHER HUSEN                  |   2094 |        36942.00 |                 |  5373215.71 Dr. |
 13-Apr-2016 | BY:60/12/000208:TD INT CREDIT                 |        |                 |         1320.00 |  5371895.71 Dr. |
 13-Apr-2016 | BY:60/12/000209:TD INT CREDIT                 |        |                 |         1320.00 |  5370575.71 Dr. |
 13-Apr-2016 | BY:60/12/000210:TD INT CREDIT                 |        |                 |         1320.00 |  5369255.71 Dr. |
 13-Apr-2016 | BY:60/12/000212:TD INT CREDIT                 |        |                 |         2640.00 |  5366615.71 Dr. |
 13-Apr-2016 | TO - DILIP VRAJLAL PAREKH - TO CTSIW CLG : 8  |   2087 |       321468.00 |                 |  5688083.71 Dr. |
 13-Apr-2016 | TO TR30/11/06/12 SHREE OM SAI CO OP CR STY~11 |   2099 |       220000.00 |                 |  5908083.71 Dr. |
 13-Apr-2016 | TO CASH AISHA KURESHI                         |   2095 |       189595.00 |                 |  6097678.71 Dr. |
 13-Apr-2016 | TO ASLAM KURESHI                              |   2096 |        37810.00 |                 |  6135488.71 Dr. |
 16-Apr-2016 | BY CASH                                       |        |                 |        60000.00 |  6075488.71 Dr. |
 18-Apr-2016 | BY CASH                                       |        |                 |        50000.00 |  6025488.71 Dr. |
 19-Apr-2016 | TO INWREJ.CHRGS:2098                          |        |          318.00 |                 |  6025806.71 Dr. |
 20-Apr-2016 | BY TRANS 54/11/06/01 SHRI OM SAI CO-OP CR SOC |        |                 |        73000.00 |  5952806.71 Dr. |
 20-Apr-2016 | BY CASH                                       |        |                 |        30000.00 |  5922806.71 Dr. |
 20-Apr-2016 | TO CASH SHAMLA S PALEKIRTE                    |   2103 |        30000.00 |                 |  5952806.71 Dr. |
 20-Apr-2016 | TO TRA30/11/06/12 SHREE OM SAI CO OP CR STY~1 |   2104 |        30000.00 |                 |  5982806.71 Dr. |
 20-Apr-2016 | TO TRANS DD MAH STATE SAH~99/01/001200/0054   |   2102 |         1179.00 |                 |  5983985.71 Dr. |
 21-Apr-2016 | TO SI:50/09/5                                 |        |       183500.00 |                 |  6167485.71 Dr. |
 21-Apr-2016 | TO SI:50/09/6                                 |        |       315000.00 |                 |  6482485.71 Dr. |
 21-Apr-2016 | TO SI:50/09/7 SHRI OMSAI COOP CR STY          |        |        18000.00 |                 |  6500485.71 Dr. |
 21-Apr-2016 | TO SI:50/09/7 SHRI OMSAI CR STY               |        |        19400.00 |                 |  6519885.71 Dr. |
 21-Apr-2016 | TO SI:50/09/7 SHRI OMSAI COOP CR STY          |        |         9500.00 |                 |  6529385.71 Dr. |
 21-Apr-2016 | TO SI:50/09/7 SHRI OMSAI COOP CR STY          |        |        29000.00 |                 |  6558385.71 Dr. |
-----------------------------------------------------------------------------------------------------------------------------

                             MUMBAI DISTRICT CENTRAL CO-OP. BANK LTD.,0054-CHEMBUR COLONY BRANCH                             
              Om Sai Co-Op Credit Society Ltd, Shop No 4 AC,1247 School, Near Golf Club,Chembur ,Mumbai-400074               

Current Date  :13-Feb-2017                                                                                  UserId : REPORT54
Time : 13:04:04 PM                                                                                               Page :24 / 47
                                                    Statement Of Account                                                     
                                              From  01-Apr-2015  to  13-Feb-2017                                             

   Accountno :00541806000001
   Name: SHRI OM SAI COOP CR STY LTD
   Address :4 AC 1247 NEAR DUDHESHWAR MANDIR
   NEAR NATIONAL SARVODAYA HIGHSCHOOL,,DR.C.G.ROAD, CHEMBUR COLONY
   MUMBAI - 400074
   Limit:9630000                                 INR
   Joint Holder:
=============================================================================================================================
 Trans. Date | Particulars                                   | InstNo |      Debit Amt. |     Credit Amt. |         Balance |
=============================================================================================================================
 Opening Bal |                                                                                               6558385.71 Dr. |
 21-Apr-2016 | TO CASH ASHOKKUMAR GUPTA                      |   2105 |       202591.00 |                 |  6760976.71 Dr. |
 21-Apr-2016 | TO CASH BHARTI J SALAWE                       |   2106 |        21000.00 |                 |  6781976.71 Dr. |
 21-Apr-2016 | BY TRANS 54/11/06/01 SHRI OM SAI CO-OP CR SOC |        |                 |       121000.00 |  6660976.71 Dr. |
 21-Apr-2016 | BY CASH                                       |        |                 |        20000.00 |  6640976.71 Dr. |
 22-Apr-2016 | BY CLG BY CLG/490362/99900745/1985/032        | 490362 |                 |        10000.00 |  6630976.71 Dr. |
 22-Apr-2016 | BY CASH                                       |        |                 |        35000.00 |  6595976.71 Dr. |
 22-Apr-2016 | TO CASH YOGESH SHETE                          |   2112 |       100000.00 |                 |  6695976.71 Dr. |
 22-Apr-2016 | TO CASH SANSKRUTI MAHAJAN                     |   2111 |       100000.00 |                 |  6795976.71 Dr. |
 22-Apr-2016 | TO CASH BHUSHAN BIDAVI                        |   2107 |       100000.00 |                 |  6895976.71 Dr. |
 22-Apr-2016 | TO CASH SANDIP PATIL                          |   2108 |       100000.00 |                 |  6995976.71 Dr. |
 22-Apr-2016 | TO CASH DANANJAY PATIL                        |   2109 |       100000.00 |                 |  7095976.71 Dr. |
 22-Apr-2016 | TO CASH BHAGYASHRI SHETE                      |   2110 |       100000.00 |                 |  7195976.71 Dr. |
 25-Apr-2016 | TO TR 30/11/06/12 SHREE OM SAI COOP CR STY~11 |   2113 |       400000.00 |                 |  7595976.71 Dr. |
 25-Apr-2016 | BY CASH/0030                                  |        |                 |        61000.00 |  7534976.71 Dr. |
 25-Apr-2016 | BY CASH                                       |        |                 |        35000.00 |  7499976.71 Dr. |
 26-Apr-2016 | BY TRANSFERBRANCH RENT MONTH APRIL 2016~99/02 |        |                 |        55000.00 |  7444976.71 Dr. |
 26-Apr-2016 | TO TRANSFERBRANCH RENT TDS APRIL 16~99/01/002 |        |         5500.00 |                 |  7450476.71 Dr. |
 26-Apr-2016 | BY CASH                                       |        |                 |       300000.00 |  7150476.71 Dr. |
 26-Apr-2016 | BY CASH                                       |        |                 |       190000.00 |  6960476.71 Dr. |
 26-Apr-2016 | TO CASH ARUN S BANSODE                        |   2115 |        25100.00 |                 |  6985576.71 Dr. |
 26-Apr-2016 | BY CASH                                       |        |                 |        25100.00 |  6960476.71 Dr. |
 26-Apr-2016 | BY TRANS 54/11/06/01 SHRI OM SAI CO-OP CR SOC |        |                 |        50000.00 |  6910476.71 Dr. |
 26-Apr-2016 | TO TRANS 30/11/06/12 SHRI OM SAI CO C S~11/06 |   2116 |       610000.00 |                 |  7520476.71 Dr. |
 27-Apr-2016 | TO CASH VINOD A DOIPHODE                      |   2117 |       500000.00 |                 |  8020476.71 Dr. |
 27-Apr-2016 | BY CASH                                       |        |                 |        10000.00 |  8010476.71 Dr. |
 27-Apr-2016 | BY CASH                                       |        |                 |        25000.00 |  7985476.71 Dr. |
 29-Apr-2016 | TO CASH SUCHITA V GHUMRE                      |   2119 |        30000.00 |                 |  8015476.71 Dr. |
 29-Apr-2016 | BY TRANSFER ECS KUMAR NALLU RAMSWAMI~99/01/00 |        |                 |        12000.00 |  8003476.71 Dr. |
 30-Apr-2016 | TO TRF:A/C RENEWAL : 60/53/000207             |        |         1435.00 |                 |  8004911.71 Dr. |
 30-Apr-2016 | BY CASH                                       |        |                 |        40000.00 |  7964911.71 Dr. |
 30-Apr-2016 | TO INTEREST NORMAL(DEBIT) PRODUC              |        |        45186.00 |                 |  8010097.71 Dr. |
 30-Apr-2016 | TO INTEREST OVERDUE PRODUCTS                  |        |          993.00 |                 |  8011090.71 Dr. |
 02-May-2016 | BY CLG BY CLG/21782/99900752/1292/032         |  21782 |                 |         3000.00 |  8008090.71 Dr. |
 02-May-2016 | BY TRAN 09/10/01/6044 BURDMBADKAR M S~10/0    |        |                 |        10000.00 |  7998090.71 Dr. |
 02-May-2016 | BY TRAN 54/10/01/1681, 54/10/01/1813~10/01/00 |        |                 |        21000.00 |  7977090.71 Dr. |
 02-May-2016 | BY TRAN 54/10/01/1831,54/10/011757,10/01/1285 |        |                 |        34100.00 |  7942990.71 Dr. |
 03-May-2016 | BY CLG BY CLG/10/99900753/1509/032            |     10 |                 |       300000.00 |  7642990.71 Dr. |
 03-May-2016 | BY SI:10\01\001828                            |        |                 |        11000.00 |  7631990.71 Dr. |
 03-May-2016 | BY SI:10\01\001854                            |        |                 |        12000.00 |  7619990.71 Dr. |
 03-May-2016 | BY CASH                                       |        |                 |       300000.00 |  7319990.71 Dr. |
 03-May-2016 | BY CASH                                       |        |                 |        35000.00 |  7284990.71 Dr. |
 03-May-2016 | TO TRANSFERWRONG ENT 23/03/2016~99/01/001200/ |        |           14.00 |                 |  7285004.71 Dr. |
 04-May-2016 | BY CLG BY CLG/811148/99900754/1680/032        | 811148 |                 |         9000.00 |  7276004.71 Dr. |
 04-May-2016 | BY CLG BY CLG/644611/99900754/1932/032        | 644611 |                 |        13000.00 |  7263004.71 Dr. |
 04-May-2016 | TO TRAN54/11/01/21 MAX COOL SOLUTIAS PAT~11/0 |   2120 |         8300.00 |                 |  7271304.71 Dr. |
 04-May-2016 | TO CASH VANDANA J GAIKAWAD                    |   2121 |       100000.00 |                 |  7371304.71 Dr. |
 04-May-2016 | TO - MTNL - TO CTSIW CLG : 8000793/MTNL/8000  |   2114 |         5200.00 |                 |  7376504.71 Dr. |
 04-May-2016 | TO TRANS 30/11/06/12 SHRI OM SAI CO C S~11/06 |   2122 |       200000.00 |                 |  7576504.71 Dr. |
-----------------------------------------------------------------------------------------------------------------------------

                             MUMBAI DISTRICT CENTRAL CO-OP. BANK LTD.,0054-CHEMBUR COLONY BRANCH                             
              Om Sai Co-Op Credit Society Ltd, Shop No 4 AC,1247 School, Near Golf Club,Chembur ,Mumbai-400074               

Current Date  :13-Feb-2017                                                                                  UserId : REPORT54
Time : 13:04:04 PM                                                                                               Page :25 / 47
                                                    Statement Of Account                                                     
                                              From  01-Apr-2015  to  13-Feb-2017                                             

   Accountno :00541806000001
   Name: SHRI OM SAI COOP CR STY LTD
   Address :4 AC 1247 NEAR DUDHESHWAR MANDIR
   NEAR NATIONAL SARVODAYA HIGHSCHOOL,,DR.C.G.ROAD, CHEMBUR COLONY
   MUMBAI - 400074
   Limit:9630000                                 INR
   Joint Holder:
=============================================================================================================================
 Trans. Date | Particulars                                   | InstNo |      Debit Amt. |     Credit Amt. |         Balance |
=============================================================================================================================
 Opening Bal |                                                                                               7576504.71 Dr. |
 04-May-2016 | ToBouncing99900754/1680/18 06 000001-811148   |        |         9000.00 |                 |  7585504.71 Dr. |
 04-May-2016 | ToFUNDS INSU99900754/1680/1806-811148         |        |          286.00 |                 |  7585790.71 Dr. |
 05-May-2016 | BY CLG BY CLG/34098/99900755/1603/032         |  34098 |                 |         4000.00 |  7581790.71 Dr. |
 05-May-2016 | BY SI:10\01\001693                            |        |                 |         3500.00 |  7578290.71 Dr. |
 07-May-2016 | BY CLG BY CLG/576774/99900757/1211/032        | 576774 |                 |         7000.00 |  7571290.71 Dr. |
 07-May-2016 | BY CLG BY CLG/108892/99900757/1376/032        | 108892 |                 |        10000.00 |  7561290.71 Dr. |
 07-May-2016 | BY SI:10\01\001854                            |        |                 |        12000.00 |  7549290.71 Dr. |
 07-May-2016 | BY TRANSFERECS KISAN WAGHELA SUNITA KHARAT~99 |        |                 |        15500.00 |  7533790.71 Dr. |
 07-May-2016 | TO TRAN54/10/01/1854 GAIKWAD SANJAY~10/01/001 |        |        12000.00 |                 |  7545790.71 Dr. |
 07-May-2016 | ToBouncing99900757/1211/18 06 000001-576774   |        |         7000.00 |                 |  7552790.71 Dr. |
 07-May-2016 | ToREQD INFOR99900757/1211/1806-576774         |        |          286.00 |                 |  7553076.71 Dr. |
 09-May-2016 | BY:60/12/000122:TD INT CREDIT                 |        |                 |          970.00 |  7552106.71 Dr. |
 09-May-2016 | TO TRANSFERFIX LOAN INT MAY 2016 50/17/05/~50 |        |        27482.00 |                 |  7579588.71 Dr. |
 09-May-2016 | TO TEF FIX LOAN INT MAY 16 50/17/06~50/17/000 |        |        68271.00 |                 |  7647859.71 Dr. |
 09-May-2016 | TO FIX LOAN INT APRIL 16 50/17/07~50/17/00000 |        |        43752.00 |                 |  7691611.71 Dr. |
 10-May-2016 | BY CLG BY CLG/1590/99900759/1491/032          |   1590 |                 |        62012.00 |  7629599.71 Dr. |
 10-May-2016 | BY CLG BY CLG/745/99900759/1340/032           |    745 |                 |        32246.00 |  7597353.71 Dr. |
 10-May-2016 | BY CLG BY CLG/13358/99900759/1569/032         |  13358 |                 |        33526.00 |  7563827.71 Dr. |
 10-May-2016 | BY CLG BY CLG/1595/99900759/1288/032          |   1595 |                 |        44381.00 |  7519446.71 Dr. |
 10-May-2016 | TO - THE MAHARASHTRA CO OP C - TO CTSIW CLG   |   2123 |         5000.00 |                 |  7524446.71 Dr. |
 10-May-2016 | BY CASH                                       |        |                 |        81000.00 |  7443446.71 Dr. |
 11-May-2016 | BY CLG BY CLG/954998/99900760/1727/032        | 954998 |                 |         5000.00 |  7438446.71 Dr. |
 11-May-2016 | TO CASH BHUSHAN YADHAV                        |   2125 |        53598.00 |                 |  7492044.71 Dr. |
 11-May-2016 | BY CASH                                       |        |                 |       510000.00 |  6982044.71 Dr. |
 11-May-2016 | BY TRANSFER54/11/06/01 SHRI OM~11/06/000001/0 |        |                 |       120000.00 |  6862044.71 Dr. |
 12-May-2016 | BY CLG BY CLG/578349/99900761/1742/032        | 578349 |                 |        41700.00 |  6820344.71 Dr. |
 12-May-2016 | BY TRANSFERECS KUMAR NALLU RAM~99/01/001200/0 |        |                 |        12000.00 |  6808344.71 Dr. |
 13-May-2016 | BY CLG BY CLG/576775/99900762/320/032         | 576775 |                 |         7000.00 |  6801344.71 Dr. |
 13-May-2016 | TO CASH MUKESH VASANT GHUMRE                  |   2127 |       330000.00 |                 |  7131344.71 Dr. |
 13-May-2016 | TO TRAN30/11/06/12 SHREE OM SAI COP CREDIT SO |   2126 |       180000.00 |                 |  7311344.71 Dr. |
 13-May-2016 | BY CASH                                       |        |                 |        50000.00 |  7261344.71 Dr. |
 16-May-2016 | BY CASH                                       |        |                 |        25000.00 |  7236344.71 Dr. |
 17-May-2016 | BY:60/12/000216:TD INT CREDIT                 |        |                 |         5014.00 |  7231330.71 Dr. |
 17-May-2016 | BY:60/12/000217:TD INT CREDIT                 |        |                 |        10027.00 |  7221303.71 Dr. |
 17-May-2016 | BY:60/12/000218:TD INT CREDIT                 |        |                 |        10027.00 |  7211276.71 Dr. |
 17-May-2016 | BY:60/12/000219:TD INT CREDIT                 |        |                 |        10027.00 |  7201249.71 Dr. |
 17-May-2016 | BY CASH                                       |        |                 |       330000.00 |  6871249.71 Dr. |
 17-May-2016 | TO - RELIANCE INFRASTRUCTURE - INFRASTRUCTUR  |   2124 |         6780.00 |                 |  6878029.71 Dr. |
 17-May-2016 | BY CASH                                       |        |                 |       230000.00 |  6648029.71 Dr. |
 19-May-2016 | BY CASH                                       |        |                 |       100000.00 |  6548029.71 Dr. |
 19-May-2016 | TO SI:50/09/5                                 |        |       183500.00 |                 |  6731529.71 Dr. |
 19-May-2016 | TO SI:50/09/6                                 |        |       315000.00 |                 |  7046529.71 Dr. |
 19-May-2016 | TO SI:50/09/7 SHRI OMSAI COOP CR STY          |        |        18000.00 |                 |  7064529.71 Dr. |
 19-May-2016 | TO SI:50/09/7 SHRI OMSAI CR STY               |        |        19400.00 |                 |  7083929.71 Dr. |
 19-May-2016 | TO SI:50/09/7 SHRI OMSAI COOP CR STY          |        |         9500.00 |                 |  7093429.71 Dr. |
 19-May-2016 | TO SI:50/09/7 SHRI OMSAI COOP CR STY          |        |        29000.00 |                 |  7122429.71 Dr. |
 19-May-2016 | TO TR 30 11/06/12 SHREE OM SAI COOP CR STY~11 |   2128 |       190000.00 |                 |  7312429.71 Dr. |
 20-May-2016 | TO CASH CHANDRAKANT J KAMBLE                  |   2129 |        73913.00 |                 |  7386342.71 Dr. |
-----------------------------------------------------------------------------------------------------------------------------

                             MUMBAI DISTRICT CENTRAL CO-OP. BANK LTD.,0054-CHEMBUR COLONY BRANCH                             
              Om Sai Co-Op Credit Society Ltd, Shop No 4 AC,1247 School, Near Golf Club,Chembur ,Mumbai-400074               

Current Date  :13-Feb-2017                                                                                  UserId : REPORT54
Time : 13:04:04 PM                                                                                               Page :26 / 47
                                                    Statement Of Account                                                     
                                              From  01-Apr-2015  to  13-Feb-2017                                             

   Accountno :00541806000001
   Name: SHRI OM SAI COOP CR STY LTD
   Address :4 AC 1247 NEAR DUDHESHWAR MANDIR
   NEAR NATIONAL SARVODAYA HIGHSCHOOL,,DR.C.G.ROAD, CHEMBUR COLONY
   MUMBAI - 400074
   Limit:9630000                                 INR
   Joint Holder:
=============================================================================================================================
 Trans. Date | Particulars                                   | InstNo |      Debit Amt. |     Credit Amt. |         Balance |
=============================================================================================================================
 Opening Bal |                                                                                               7386342.71 Dr. |
 20-May-2016 | BY TRA WRONGLY 11/06/01~11/06/000001/0054     |        |                 |        50000.00 |  7336342.71 Dr. |
 21-May-2016 | BY CLG BY CLG/490361/99900769/1350/032        | 490361 |                 |        10000.00 |  7326342.71 Dr. |
 21-May-2016 | ToBouncing99900769/1350/18 06 000001-490361   |        |        10000.00 |                 |  7336342.71 Dr. |
 21-May-2016 | ToFUNDS INSU99900769/1350/1806-490361         |        |          286.00 |                 |  7336628.71 Dr. |
 23-May-2016 | BY CASH                                       |        |                 |        45000.00 |  7291628.71 Dr. |
 24-May-2016 | BY TRANS 54/11/06/01 SHRI OM SAI CO-OP CR SOC |        |                 |       302000.00 |  6989628.71 Dr. |
 24-May-2016 | TO TRANS 30/11/06/12 SHRI OM SAI CO C S~11/06 |   2130 |       180000.00 |                 |  7169628.71 Dr. |
 24-May-2016 | BY CASH                                       |        |                 |        25000.00 |  7144628.71 Dr. |
 25-May-2016 | BY CASH                                       |        |                 |        50000.00 |  7094628.71 Dr. |
 25-May-2016 | TO CASH TANSUKHAL M KUMAVAT                   |   2131 |        35626.00 |                 |  7130254.71 Dr. |
 27-May-2016 | BY TRANSFER BRANCH RENT MAY-16~99/02/005640/0 |        |                 |        55000.00 |  7075254.71 Dr. |
 27-May-2016 | TO TRANSFER RENT TDS MAY 2016~99/01/002220/00 |        |         5500.00 |                 |  7080754.71 Dr. |
 27-May-2016 | TO CASH RAMSAGAR BIND                         |   2132 |       273077.00 |                 |  7353831.71 Dr. |
 30-May-2016 | BY CLG BY CLG/121471/99900774/1466/032        | 121471 |                 |        15000.00 |  7338831.71 Dr. |
 30-May-2016 | BY CLG BY CLG/43691/99900774/1450/032         |  43691 |                 |       181296.00 |  7157535.71 Dr. |
 30-May-2016 | TO CASH BHALCHANDRA ARJUN POKALE              |   2134 |        50000.00 |                 |  7207535.71 Dr. |
 30-May-2016 | BY CASH                                       |        |                 |        60000.00 |  7147535.71 Dr. |
 31-May-2016 | BY CLG BY CLG/100047/99900775/1876/032        | 100047 |                 |        87000.00 |  7060535.71 Dr. |
 31-May-2016 | TO TRAN16/13/10/254 MATALE N C~13/10/000254/0 |   2135 |       460460.00 |                 |  7520995.71 Dr. |
 31-May-2016 | TO CASH PRAKASH M MEGHWAL                     |   2133 |        43509.00 |                 |  7564504.71 Dr. |
 31-May-2016 | TO INTEREST NORMAL(DEBIT) PRODUC              |        |        57561.00 |                 |  7622065.71 Dr. |
 01-Jun-2016 | BY SI:10\01\001681                            |        |                 |         9000.00 |  7613065.71 Dr. |
 01-Jun-2016 | BY SI:10\01\001757                            |        |                 |         5500.00 |  7607565.71 Dr. |
 01-Jun-2016 | BY TRAN54/10/01/1285 KADAM SIDHART L~10/01/00 |        |                 |        26000.00 |  7581565.71 Dr. |
 01-Jun-2016 | BY CASH                                       |        |                 |       150000.00 |  7431565.71 Dr. |
 01-Jun-2016 | BY TRAN54/10/01/1864 PALKARTI LAXMAN P~10/01/ |        |                 |         3000.00 |  7428565.71 Dr. |
 01-Jun-2016 | TO CASH HARESH M GUPTA                        |   2137 |        70000.00 |                 |  7498565.71 Dr. |
 01-Jun-2016 | BY SI:10\01\001813                            |        |                 |        12000.00 |  7486565.71 Dr. |
 01-Jun-2016 | BY SI:10\01\001828                            |        |                 |        11000.00 |  7475565.71 Dr. |
 01-Jun-2016 | BY CASH                                       |        |                 |       200000.00 |  7275565.71 Dr. |
 01-Jun-2016 | BY TRAN54/10/01/30 CHAVAN AMOL~10/01/000030/0 |        |                 |         7000.00 |  7268565.71 Dr. |
 01-Jun-2016 | BY CASH                                       |        |                 |        10000.00 |  7258565.71 Dr. |
 01-Jun-2016 | BY CASH                                       |        |                 |       100000.00 |  7158565.71 Dr. |
 01-Jun-2016 | TO CASH JITENDRA B BEDMUTHA                   |   2136 |        53000.00 |                 |  7211565.71 Dr. |
 01-Jun-2016 | BY CASH                                       |        |                 |        53000.00 |  7158565.71 Dr. |
 02-Jun-2016 | BY CLG BY CLG/121472/99900777/1636/032        | 121472 |                 |        11000.00 |  7147565.71 Dr. |
 02-Jun-2016 | BY CASH                                       |        |                 |       150000.00 |  6997565.71 Dr. |
 02-Jun-2016 | BY CASH                                       |        |                 |       100000.00 |  6897565.71 Dr. |
 02-Jun-2016 | BY CASH                                       |        |                 |       150000.00 |  6747565.71 Dr. |
 02-Jun-2016 | BY CASH                                       |        |                 |       100000.00 |  6647565.71 Dr. |
 03-Jun-2016 | BY CLG BY CLG/34141/99900778/1435/032         |  34141 |                 |         3900.00 |  6643665.71 Dr. |
 03-Jun-2016 | BY CLG BY CLG/811149/99900778/1053/032        | 811149 |                 |         9000.00 |  6634665.71 Dr. |
 03-Jun-2016 | BY CASH                                       |        |                 |       100000.00 |  6534665.71 Dr. |
 03-Jun-2016 | BY CASH                                       |        |                 |       100000.00 |  6434665.71 Dr. |
 03-Jun-2016 | TO CASH MOHAN J PANJABI                       |   2140 |       114083.00 |                 |  6548748.71 Dr. |
 03-Jun-2016 | BY CASH                                       |        |                 |       100000.00 |  6448748.71 Dr. |
 03-Jun-2016 | BY CASH                                       |        |                 |        50000.00 |  6398748.71 Dr. |
 03-Jun-2016 | BY CASH                                       |        |                 |       150000.00 |  6248748.71 Dr. |
-----------------------------------------------------------------------------------------------------------------------------

                             MUMBAI DISTRICT CENTRAL CO-OP. BANK LTD.,0054-CHEMBUR COLONY BRANCH                             
              Om Sai Co-Op Credit Society Ltd, Shop No 4 AC,1247 School, Near Golf Club,Chembur ,Mumbai-400074               

Current Date  :13-Feb-2017                                                                                  UserId : REPORT54
Time : 13:04:04 PM                                                                                               Page :27 / 47
                                                    Statement Of Account                                                     
                                              From  01-Apr-2015  to  13-Feb-2017                                             

   Accountno :00541806000001
   Name: SHRI OM SAI COOP CR STY LTD
   Address :4 AC 1247 NEAR DUDHESHWAR MANDIR
   NEAR NATIONAL SARVODAYA HIGHSCHOOL,,DR.C.G.ROAD, CHEMBUR COLONY
   MUMBAI - 400074
   Limit:9630000                                 INR
   Joint Holder:
=============================================================================================================================
 Trans. Date | Particulars                                   | InstNo |      Debit Amt. |     Credit Amt. |         Balance |
=============================================================================================================================
 Opening Bal |                                                                                               6248748.71 Dr. |
 03-Jun-2016 | ToBouncing99900778/1053/18 06 000001-811149   |        |         9000.00 |                 |  6257748.71 Dr. |
 03-Jun-2016 | ToFUNDS INSU99900778/1053/1806-811149         |        |          288.00 |                 |  6258036.71 Dr. |
 04-Jun-2016 | BY CLG BY CLG/644613/99900779/1353/032        | 644613 |                 |        13000.00 |  6245036.71 Dr. |
 04-Jun-2016 | BY CASH                                       |        |                 |       150000.00 |  6095036.71 Dr. |
 04-Jun-2016 | BY CASH                                       |        |                 |        50000.00 |  6045036.71 Dr. |
 04-Jun-2016 | BY CASH                                       |        |                 |       100000.00 |  5945036.71 Dr. |
 04-Jun-2016 | BY CASH                                       |        |                 |       100000.00 |  5845036.71 Dr. |
 04-Jun-2016 | BY CASH                                       |        |                 |       100000.00 |  5745036.71 Dr. |
 06-Jun-2016 | BY CLG BY CLG/708179/99900780/1317/032        | 708179 |                 |       288712.00 |  5456324.71 Dr. |
 06-Jun-2016 | TO - ROKADE SUNITA GAJANAN - TO CTSIW CLG :   |   2138 |      1000000.00 |                 |  6456324.71 Dr. |
 06-Jun-2016 | TO - ROKADE GAJANAN KRISHNA - TO CTSIW CLG :  |   2139 |      1000000.00 |                 |  7456324.71 Dr. |
 06-Jun-2016 | BY SI:10\01\001693                            |        |                 |         3500.00 |  7452824.71 Dr. |
 07-Jun-2016 | BY SI:10\01\001854                            |        |                 |        12000.00 |  7440824.71 Dr. |
 07-Jun-2016 | BY CLG BY CLG/576776/99900781/1702/032        | 576776 |                 |         7000.00 |  7433824.71 Dr. |
 07-Jun-2016 | BY CASH                                       |        |                 |       220000.00 |  7213824.71 Dr. |
 08-Jun-2016 | BY CLG BY CLG/13578/99900782/332/032          |  13578 |                 |        39594.00 |  7174230.71 Dr. |
 08-Jun-2016 | BY CLG BY CLG/1624/99900782/331/032           |   1624 |                 |        29485.00 |  7144745.71 Dr. |
 08-Jun-2016 | BY CLG BY CLG/1623/99900782/330/032           |   1623 |                 |        57491.00 |  7087254.71 Dr. |
 08-Jun-2016 | BY ECS TR H O A/C WAGHELA KISHAN DAYA~99/01/0 |        |                 |         3500.00 |  7083754.71 Dr. |
 08-Jun-2016 | BY ECS TR HO A/C KHARAT SUNITA UTTAM~99/01/00 |        |                 |        12000.00 |  7071754.71 Dr. |
 08-Jun-2016 | TO CASH KALURAM S GAJARE                      |   2142 |       121690.00 |                 |  7193444.71 Dr. |
 08-Jun-2016 | TO CASH RUTUJA N SHINDE                       |   2144 |        43965.00 |                 |  7237409.71 Dr. |
 09-Jun-2016 | TO TRAN50/17/05 LOAN INTERES MONT OF JUN 2016 |        |        26416.00 |                 |  7263825.71 Dr. |
 09-Jun-2016 | TO TRAN50/17/07 LOAN INTERES MONT OF JUN 2016 |        |        44325.00 |                 |  7308150.71 Dr. |
 09-Jun-2016 | TO TRAN50/17/06 LOAN INTERES MONT OF JUN 2016 |        |        67146.00 |                 |  7375296.71 Dr. |
 09-Jun-2016 | TO CASH SHANTARAM T SHIGVAN                   |   2145 |       160000.00 |                 |  7535296.71 Dr. |
 10-Jun-2016 | TO CASH SMURTI MHATRE                         |   2141 |       183333.00 |                 |  7718629.71 Dr. |
 10-Jun-2016 | BY TRAN54/11/06/01 SHRI OM SAI COOP CR STY LT |        |                 |        25000.00 |  7693629.71 Dr. |
 10-Jun-2016 | BY CASH                                       |        |                 |        30000.00 |  7663629.71 Dr. |
 13-Jun-2016 | TO CASH AISHA B KURESHI                       |   2143 |        36585.00 |                 |  7700214.71 Dr. |
 13-Jun-2016 | BY CASH                                       |        |                 |        36585.00 |  7663629.71 Dr. |
 14-Jun-2016 | TO CASH MOHAMMAD RAFIK KURESHI                |   2146 |       228271.00 |                 |  7891900.71 Dr. |
 14-Jun-2016 | BY ECS TR SHRIKUMAR N RAMSWAMI~99/01/001200/0 |        |                 |        12000.00 |  7879900.71 Dr. |
 14-Jun-2016 | BY CASH                                       |        |                 |        40000.00 |  7839900.71 Dr. |
 15-Jun-2016 | TO TRAN54/11/01/21 MAX COOL SOLUTIAS PAT~11/0 |   2147 |        42500.00 |                 |  7882400.71 Dr. |
 15-Jun-2016 | BY CLG BY CLG/578426/99900787/228/032         | 578426 |                 |        19145.00 |  7863255.71 Dr. |
 15-Jun-2016 | BY CASH                                       |        |                 |        30000.00 |  7833255.71 Dr. |
 16-Jun-2016 | TO TR NOMINAL MEMB FEE 99/01/1610~99/01/00161 |        |         2200.00 |                 |  7835455.71 Dr. |
 17-Jun-2016 | TO CASH VIJAY R GUPTA                         |   2148 |        35358.00 |                 |  7870813.71 Dr. |
 17-Jun-2016 | TO CASH OMKAR E SHELAR                        |   2150 |       100000.00 |                 |  7970813.71 Dr. |
 17-Jun-2016 | TO CASH NITESH T THAKRE                       |   2151 |       100000.00 |                 |  8070813.71 Dr. |
 17-Jun-2016 | TO CASH  YOGESH R CHHODAJYA                   |   2152 |        23100.00 |                 |  8093913.71 Dr. |
 18-Jun-2016 | TO CASH BABASAHEB R KOKATE                    |   2153 |        30000.00 |                 |  8123913.71 Dr. |
 18-Jun-2016 | TO CASH LALANBAI KALE                         |   2154 |        10000.00 |                 |  8133913.71 Dr. |
 18-Jun-2016 | BY CASH                                       |        |                 |       200000.00 |  7933913.71 Dr. |
 18-Jun-2016 | BY CASH                                       |        |                 |        10000.00 |  7923913.71 Dr. |
 18-Jun-2016 | TO CASH RAJESH KHATRI                         |   2149 |        29012.00 |                 |  7952925.71 Dr. |
 18-Jun-2016 | BY CASH                                       |        |                 |       300000.00 |  7652925.71 Dr. |
-----------------------------------------------------------------------------------------------------------------------------

                             MUMBAI DISTRICT CENTRAL CO-OP. BANK LTD.,0054-CHEMBUR COLONY BRANCH                             
              Om Sai Co-Op Credit Society Ltd, Shop No 4 AC,1247 School, Near Golf Club,Chembur ,Mumbai-400074               

Current Date  :13-Feb-2017                                                                                  UserId : REPORT54
Time : 13:04:04 PM                                                                                               Page :28 / 47
                                                    Statement Of Account                                                     
                                              From  01-Apr-2015  to  13-Feb-2017                                             

   Accountno :00541806000001
   Name: SHRI OM SAI COOP CR STY LTD
   Address :4 AC 1247 NEAR DUDHESHWAR MANDIR
   NEAR NATIONAL SARVODAYA HIGHSCHOOL,,DR.C.G.ROAD, CHEMBUR COLONY
   MUMBAI - 400074
   Limit:9630000                                 INR
   Joint Holder:
=============================================================================================================================
 Trans. Date | Particulars                                   | InstNo |      Debit Amt. |     Credit Amt. |         Balance |
=============================================================================================================================
 Opening Bal |                                                                                               7652925.71 Dr. |
 18-Jun-2016 | TO CASH KALPANA S GAYAKWAD                    |   2155 |        22500.00 |                 |  7675425.71 Dr. |
 18-Jun-2016 | BY CASH                                       |        |                 |        22500.00 |  7652925.71 Dr. |
 20-Jun-2016 | BY:60/12/000128:TD INT CREDIT                 |        |                 |         4125.00 |  7648800.71 Dr. |
 20-Jun-2016 | BY TRAN54/11/06/01 SHRI OM SAI COOP CR STY LT |        |                 |       290000.00 |  7358800.71 Dr. |
 20-Jun-2016 | BY CASH                                       |        |                 |       300000.00 |  7058800.71 Dr. |
 20-Jun-2016 | TO SI:50/09/5                                 |        |       183500.00 |                 |  7242300.71 Dr. |
 20-Jun-2016 | TO SI:50/09/6                                 |        |       315000.00 |                 |  7557300.71 Dr. |
 20-Jun-2016 | TO SI:50/09/7 SHRI OMSAI COOP CR STY          |        |        18000.00 |                 |  7575300.71 Dr. |
 20-Jun-2016 | TO SI:50/09/7 SHRI OMSAI CR STY               |        |        19400.00 |                 |  7594700.71 Dr. |
 20-Jun-2016 | TO SI:50/09/7 SHRI OMSAI COOP CR STY          |        |         9500.00 |                 |  7604200.71 Dr. |
 20-Jun-2016 | TO SI:50/09/7 SHRI OMSAI COOP CR STY          |        |        29000.00 |                 |  7633200.71 Dr. |
 20-Jun-2016 | BY CASH                                       |        |                 |       100000.00 |  7533200.71 Dr. |
 20-Jun-2016 | BY CASH                                       |        |                 |       100000.00 |  7433200.71 Dr. |
 20-Jun-2016 | TO CASH DNYANESHWAR M PATIL                   |   2157 |       100000.00 |                 |  7533200.71 Dr. |
 20-Jun-2016 | TO CASH SANTOSH B THORAT                      |   2156 |       100000.00 |                 |  7633200.71 Dr. |
 20-Jun-2016 | BY CASH                                       |        |                 |        40000.00 |  7593200.71 Dr. |
 20-Jun-2016 | BY CASH                                       |        |                 |       100000.00 |  7493200.71 Dr. |
 20-Jun-2016 | BY CASH                                       |        |                 |       100000.00 |  7393200.71 Dr. |
 20-Jun-2016 | TO CASH SAUMITRASEN E DHIWAR                  |   2158 |       250000.00 |                 |  7643200.71 Dr. |
 20-Jun-2016 | BY CASH                                       |        |                 |       100000.00 |  7543200.71 Dr. |
 21-Jun-2016 | TO CASH GHANSHAM T SAJAN                      |   2159 |        31996.00 |                 |  7575196.71 Dr. |
 22-Jun-2016 | BY CLG BY CLG/586909/99900793/1620/032        | 586909 |                 |        40000.00 |  7535196.71 Dr. |
 22-Jun-2016 | TO CASH SANGITA B THORAT                      |   2161 |       100546.00 |                 |  7635742.71 Dr. |
 22-Jun-2016 | TO CASH VILAS D PATIL                         |   2160 |       100546.00 |                 |  7736288.71 Dr. |
 22-Jun-2016 | BY CASH                                       |        |                 |       100000.00 |  7636288.71 Dr. |
 22-Jun-2016 | BY CASH                                       |        |                 |       100546.00 |  7535742.71 Dr. |
 22-Jun-2016 | BY CASH                                       |        |                 |       100546.00 |  7435196.71 Dr. |
 22-Jun-2016 | TO CASH RESHMA V GHUMRE                       |   2162 |       100573.00 |                 |  7535769.71 Dr. |
 22-Jun-2016 | TO CASH ASHOK K UDMALE                        |   2163 |       100573.00 |                 |  7636342.71 Dr. |
 22-Jun-2016 | BY CASH                                       |        |                 |       100573.00 |  7535769.71 Dr. |
 22-Jun-2016 | BY CASH                                       |        |                 |       200000.00 |  7335769.71 Dr. |
 22-Jun-2016 | BY CASH                                       |        |                 |       100000.00 |  7235769.71 Dr. |
 22-Jun-2016 | BY CASH                                       |        |                 |       100573.00 |  7135196.71 Dr. |
 23-Jun-2016 | TO CASH SACHIN B LONDHE                       |   2165 |       100547.00 |                 |  7235743.71 Dr. |
 23-Jun-2016 | TO CASH SUNIL K LOKHANDE                      |   2164 |       100547.00 |                 |  7336290.71 Dr. |
 23-Jun-2016 | BY CASH                                       |        |                 |       120000.00 |  7216290.71 Dr. |
 23-Jun-2016 | BY CASH                                       |        |                 |       110000.00 |  7106290.71 Dr. |
 24-Jun-2016 | TO CASH BABAN RAJARAM PANDEKAR                |   2167 |       100547.00 |                 |  7206837.71 Dr. |
 24-Jun-2016 | TO CASH MANOHAR S DHUGE                       |   2168 |       100573.00 |                 |  7307410.71 Dr. |
 24-Jun-2016 | BY CASH                                       |        |                 |        50000.00 |  7257410.71 Dr. |
 24-Jun-2016 | BY CASH                                       |        |                 |       100000.00 |  7157410.71 Dr. |
 24-Jun-2016 | BY CASH                                       |        |                 |        55000.00 |  7102410.71 Dr. |
 27-Jun-2016 | BY TRANSFER BRANCH RENT JUNE 2016~99/02/00564 |        |                 |        55000.00 |  7047410.71 Dr. |
 27-Jun-2016 | TO TRANSFER BRANCH RENT TDS JUNE 2016~99/01/0 |        |         5500.00 |                 |  7052910.71 Dr. |
 27-Jun-2016 | BY CLG BY CLG/25339/99900796/1182/032         |  25339 |                 |         6000.00 |  7046910.71 Dr. |
 27-Jun-2016 | BY CASH                                       |        |                 |       200000.00 |  6846910.71 Dr. |
 27-Jun-2016 | TO CASHNAVNATH SHIKHARE                       |   2169 |       100625.00 |                 |  6947535.71 Dr. |
 27-Jun-2016 | TO CASH NAVIN GHUMARE                         |   2170 |       100625.00 |                 |  7048160.71 Dr. |
-----------------------------------------------------------------------------------------------------------------------------

                             MUMBAI DISTRICT CENTRAL CO-OP. BANK LTD.,0054-CHEMBUR COLONY BRANCH                             
              Om Sai Co-Op Credit Society Ltd, Shop No 4 AC,1247 School, Near Golf Club,Chembur ,Mumbai-400074               

Current Date  :13-Feb-2017                                                                                  UserId : REPORT54
Time : 13:04:04 PM                                                                                               Page :29 / 47
                                                    Statement Of Account                                                     
                                              From  01-Apr-2015  to  13-Feb-2017                                             

   Accountno :00541806000001
   Name: SHRI OM SAI COOP CR STY LTD
   Address :4 AC 1247 NEAR DUDHESHWAR MANDIR
   NEAR NATIONAL SARVODAYA HIGHSCHOOL,,DR.C.G.ROAD, CHEMBUR COLONY
   MUMBAI - 400074
   Limit:9630000                                 INR
   Joint Holder:
=============================================================================================================================
 Trans. Date | Particulars                                   | InstNo |      Debit Amt. |     Credit Amt. |         Balance |
=============================================================================================================================
 Opening Bal |                                                                                               7048160.71 Dr. |
 27-Jun-2016 | BY CASH                                       |        |                 |        50000.00 |  6998160.71 Dr. |
 27-Jun-2016 | BY CASH                                       |        |                 |        60000.00 |  6938160.71 Dr. |
 27-Jun-2016 | BY CASH                                       |        |                 |        70000.00 |  6868160.71 Dr. |
 27-Jun-2016 | BY CASH                                       |        |                 |        90000.00 |  6778160.71 Dr. |
 28-Jun-2016 | TO CASH MAHESH FULSING GUPTA                  |   2172 |       100651.00 |                 |  6878811.71 Dr. |
 28-Jun-2016 | TO CASH DIVESH ANIL MHATRE                    |   2171 |       100651.00 |                 |  6979462.71 Dr. |
 28-Jun-2016 | BY CASH                                       |        |                 |        50000.00 |  6929462.71 Dr. |
 28-Jun-2016 | BY CASH                                       |        |                 |       100000.00 |  6829462.71 Dr. |
 28-Jun-2016 | BY CASH                                       |        |                 |       200000.00 |  6629462.71 Dr. |
 28-Jun-2016 | BY CASH                                       |        |                 |        75000.00 |  6554462.71 Dr. |
 28-Jun-2016 | BY CASH                                       |        |                 |        65000.00 |  6489462.71 Dr. |
 29-Jun-2016 | TO CASH R D DHAMALE                           |   2175 |       100651.00 |                 |  6590113.71 Dr. |
 29-Jun-2016 | TO CASH V B SONAWANE                          |   2174 |       100651.00 |                 |  6690764.71 Dr. |
 29-Jun-2016 | TO CASH M V GHUMRE                            |   2173 |        78670.00 |                 |  6769434.71 Dr. |
 29-Jun-2016 | BY CASH                                       |        |                 |       100000.00 |  6669434.71 Dr. |
 29-Jun-2016 | BY CASH                                       |        |                 |       100000.00 |  6569434.71 Dr. |
 29-Jun-2016 | BY CASH                                       |        |                 |       200000.00 |  6369434.71 Dr. |
 29-Jun-2016 | BY CASH                                       |        |                 |       150000.00 |  6219434.71 Dr. |
 29-Jun-2016 | BY CASH                                       |        |                 |       145000.00 |  6074434.71 Dr. |
 29-Jun-2016 | BY CASH                                       |        |                 |       108000.00 |  5966434.71 Dr. |
 30-Jun-2016 | BY:60/10/000010:TD INT CREDIT                 |        |                 |        11875.00 |  5954559.71 Dr. |
 30-Jun-2016 | BY:60/10/000011:TD INT CREDIT                 |        |                 |        19000.00 |  5935559.71 Dr. |
 30-Jun-2016 | BY:60/10/000012:TD INT CREDIT                 |        |                 |         3563.00 |  5931996.71 Dr. |
 30-Jun-2016 | BY:60/10/000013:TD INT CREDIT                 |        |                 |         1045.00 |  5930951.71 Dr. |
 30-Jun-2016 | BY:60/10/000017:TD INT CREDIT                 |        |                 |         4156.00 |  5926795.71 Dr. |
 30-Jun-2016 | BY:60/10/000019:TD INT CREDIT                 |        |                 |         2700.00 |  5924095.71 Dr. |
 30-Jun-2016 | BY:60/10/000020:TD INT CREDIT                 |        |                 |         4375.00 |  5919720.71 Dr. |
 30-Jun-2016 | BY:60/10/000021:TD INT CREDIT                 |        |                 |         2188.00 |  5917532.71 Dr. |
 30-Jun-2016 | BY:60/10/000022:TD INT CREDIT                 |        |                 |         4000.00 |  5913532.71 Dr. |
 30-Jun-2016 | BY:60/10/000024:TD INT CREDIT                 |        |                 |         2600.00 |  5910932.71 Dr. |
 30-Jun-2016 | BY:60/10/000025:TD INT CREDIT                 |        |                 |         5301.00 |  5905631.71 Dr. |
 30-Jun-2016 | BY:60/10/000026:TD INT CREDIT                 |        |                 |         6000.00 |  5899631.71 Dr. |
 30-Jun-2016 | BY:60/11/000019:TD INT CREDIT                 |        |                 |          238.00 |  5899393.71 Dr. |
 30-Jun-2016 | BY:60/11/000020:TD INT CREDIT                 |        |                 |         3800.00 |  5895593.71 Dr. |
 30-Jun-2016 | BY:60/11/000025:TD INT CREDIT                 |        |                 |          242.00 |  5895351.71 Dr. |
 30-Jun-2016 | BY:60/11/000027:TD INT CREDIT                 |        |                 |         1600.00 |  5893751.71 Dr. |
 30-Jun-2016 | BY:60/11/000028:TD INT CREDIT                 |        |                 |          120.00 |  5893631.71 Dr. |
 30-Jun-2016 | BY:60/11/000029:TD INT CREDIT                 |        |                 |         2000.00 |  5891631.71 Dr. |
 30-Jun-2016 | BY:60/11/000030:TD INT CREDIT                 |        |                 |         1600.00 |  5890031.71 Dr. |
 30-Jun-2016 | BY:60/11/000031:TD INT CREDIT                 |        |                 |          160.00 |  5889871.71 Dr. |
 30-Jun-2016 | BY:60/11/000034:TD INT CREDIT                 |        |                 |          101.00 |  5889770.71 Dr. |
 30-Jun-2016 | BY:60/12/000130:TD INT CREDIT                 |        |                 |         4750.00 |  5885020.71 Dr. |
 30-Jun-2016 | BY:60/12/000133:TD INT CREDIT                 |        |                 |        41563.00 |  5843457.71 Dr. |
 30-Jun-2016 | BY:60/12/000134:TD INT CREDIT                 |        |                 |         2375.00 |  5841082.71 Dr. |
 30-Jun-2016 | BY:60/12/000135:TD INT CREDIT                 |        |                 |         4750.00 |  5836332.71 Dr. |
 30-Jun-2016 | BY:60/12/000174:TD INT CREDIT                 |        |                 |          475.00 |  5835857.71 Dr. |
 30-Jun-2016 | BY:60/12/000177:TD INT CREDIT                 |        |                 |         4750.00 |  5831107.71 Dr. |
 30-Jun-2016 | TO CASH MUKESH V GHUMRE                       |   2178 |        25000.00 |                 |  5856107.71 Dr. |
-----------------------------------------------------------------------------------------------------------------------------

                             MUMBAI DISTRICT CENTRAL CO-OP. BANK LTD.,0054-CHEMBUR COLONY BRANCH                             
              Om Sai Co-Op Credit Society Ltd, Shop No 4 AC,1247 School, Near Golf Club,Chembur ,Mumbai-400074               

Current Date  :13-Feb-2017                                                                                  UserId : REPORT54
Time : 13:04:04 PM                                                                                               Page :30 / 47
                                                    Statement Of Account                                                     
                                              From  01-Apr-2015  to  13-Feb-2017                                             

   Accountno :00541806000001
   Name: SHRI OM SAI COOP CR STY LTD
   Address :4 AC 1247 NEAR DUDHESHWAR MANDIR
   NEAR NATIONAL SARVODAYA HIGHSCHOOL,,DR.C.G.ROAD, CHEMBUR COLONY
   MUMBAI - 400074
   Limit:9630000                                 INR
   Joint Holder:
=============================================================================================================================
 Trans. Date | Particulars                                   | InstNo |      Debit Amt. |     Credit Amt. |         Balance |
=============================================================================================================================
 Opening Bal |                                                                                               5856107.71 Dr. |
 30-Jun-2016 | TO CASH BABAN RAJARAM PADEKAY                 |   2183 |        50799.00 |                 |  5906906.71 Dr. |
 30-Jun-2016 | TO CASH BABAN RAJARAM PADEKAY                 |   2182 |        50799.00 |                 |  5957705.71 Dr. |
 30-Jun-2016 | TO CASH PRAMILA BABAN PADEAKE                 |   2184 |       101599.00 |                 |  6059304.71 Dr. |
 30-Jun-2016 | TO CASH RAMKRUSHNA S DALAVI                   |   2179 |       101599.00 |                 |  6160903.71 Dr. |
 30-Jun-2016 | TO CASH PRAKESH S DURGAWATI                   |   2180 |       101599.00 |                 |  6262502.71 Dr. |
 30-Jun-2016 | TO CASH SITABAI S BHALEKARY                   |   2181 |       101599.00 |                 |  6364101.71 Dr. |
 30-Jun-2016 | TO TR 60/56/08 SHRI OM SAI COOP CR STY~60/56/ |        |       500000.00 |                 |  6864101.71 Dr. |
 30-Jun-2016 | TO CASH POPAT D JAYBHAYE                      |   2185 |       100677.00 |                 |  6964778.71 Dr. |
 30-Jun-2016 | TO CASH HARESH D SALVE                        |   2186 |       100677.00 |                 |  7065455.71 Dr. |
 30-Jun-2016 | TO CASH RENUKA S SHIKHRE                      |   2187 |       100677.00 |                 |  7166132.71 Dr. |
 30-Jun-2016 | TO CASH MUKESH V GHUMRE                       |   2188 |       100755.00 |                 |  7266887.71 Dr. |
 30-Jun-2016 | BY CASH                                       |        |                 |       300000.00 |  6966887.71 Dr. |
 30-Jun-2016 | BY CASH                                       |        |                 |       112000.00 |  6854887.71 Dr. |
 30-Jun-2016 | TO INTEREST NORMAL(DEBIT) PRODUC              |        |        54378.00 |                 |  6909265.71 Dr. |
 01-Jul-2016 | BY CLG BY CLG/108894/99900800/1684/032        | 108894 |                 |        10000.00 |  6899265.71 Dr. |
 01-Jul-2016 | BY CLG BY CLG/11562/99900800/1670/032         |  11562 |                 |        10000.00 |  6889265.71 Dr. |
 01-Jul-2016 | TO CASH MAHADEO N LATE                        |   2190 |        30200.00 |                 |  6919465.71 Dr. |
 01-Jul-2016 | BY TRA10/01/1285 KADAM SIDHARTH LAXMAN~10/01/ |        |                 |        40000.00 |  6879465.71 Dr. |
 01-Jul-2016 | BY TR 10/01/1813,1681,1831,1864~10/01/001813/ |        |                 |        42600.00 |  6836865.71 Dr. |
 02-Jul-2016 | BY SI:10\01\001757                            |        |                 |         5500.00 |  6831365.71 Dr. |
 02-Jul-2016 | TO CASH MEHMUD ALAM SHAIKH                    |   2191 |        80710.00 |                 |  6912075.71 Dr. |
 02-Jul-2016 | BY CASH                                       |        |                 |        50000.00 |  6862075.71 Dr. |
 02-Jul-2016 | TO CASH P BALA KRISHNA                        |   2177 |       116610.00 |                 |  6978685.71 Dr. |
 02-Jul-2016 | BY SI:10\01\001828                            |        |                 |        11000.00 |  6967685.71 Dr. |
 04-Jul-2016 | BY CASH                                       |        |                 |        15000.00 |  6952685.71 Dr. |
 05-Jul-2016 | BY CLG BY CLG/34199/99900803/1355/032         |  34199 |                 |         6500.00 |  6946185.71 Dr. |
 05-Jul-2016 | TO CASH SELF                                  |   2192 |        80000.00 |                 |  7026185.71 Dr. |
 05-Jul-2016 | BY CASH                                       |        |                 |       200000.00 |  6826185.71 Dr. |
 05-Jul-2016 | BY CASH                                       |        |                 |       300000.00 |  6526185.71 Dr. |
 07-Jul-2016 | BY SI:10\01\001854                            |        |                 |        12000.00 |  6514185.71 Dr. |
 07-Jul-2016 | BY TRA WAGHELA & KHARAT ECS LOAN INSTALLMENT~ |        |                 |        15500.00 |  6498685.71 Dr. |
 07-Jul-2016 | BY CASH                                       |        |                 |       150000.00 |  6348685.71 Dr. |
 07-Jul-2016 | BY CASH                                       |        |                 |       150000.00 |  6198685.71 Dr. |
 07-Jul-2016 | BY CASH                                       |        |                 |       100000.00 |  6098685.71 Dr. |
 07-Jul-2016 | BY CASH                                       |        |                 |        48000.00 |  6050685.71 Dr. |
 08-Jul-2016 | BY CLG BY CLG/17739/99900805/1942/032         |  17739 |                 |       100000.00 |  5950685.71 Dr. |
 08-Jul-2016 | TO TRANSFER 50/17/05/06/07/08 FIX LOAN INT~50 |        |       147105.00 |                 |  6097790.71 Dr. |
 11-Jul-2016 | TO CASH ASHOK ASRANI                          |   2194 |        50402.00 |                 |  6148192.71 Dr. |
 11-Jul-2016 | BY CLG BY CLG/100240/99900806/1870/032        | 100240 |                 |       224000.00 |  5924192.71 Dr. |
 11-Jul-2016 | BY CLG BY CLG/1654/99900806/1884/032          |   1654 |                 |        41370.00 |  5882822.71 Dr. |
 11-Jul-2016 | BY CLG BY CLG/1668/99900806/1954/032          |   1668 |                 |        47544.00 |  5835278.71 Dr. |
 11-Jul-2016 | BY CLG BY CLG/831/99900806/1767/032           |    831 |                 |        11197.00 |  5824081.71 Dr. |
 11-Jul-2016 | TO CASH SANJAY DHANKE                         |   2193 |        52541.00 |                 |  5876622.71 Dr. |
 11-Jul-2016 | TO CASH BHUSHAN YADAV                         |   2196 |        72957.00 |                 |  5949579.71 Dr. |
 11-Jul-2016 | BY CASH                                       |        |                 |        80000.00 |  5869579.71 Dr. |
 12-Jul-2016 | BY CLG BY CLG/1649/99900807/2162/032          |   1649 |                 |         6935.00 |  5862644.71 Dr. |
 12-Jul-2016 | BY TRAN54/10/01/1862 TAMBE AAKASH PRAKESH~10/ |        |                 |         5000.00 |  5857644.71 Dr. |
 13-Jul-2016 | BY CLG BY CLG/762/99900808/47/032             |    762 |                 |        27580.00 |  5830064.71 Dr. |
-----------------------------------------------------------------------------------------------------------------------------

                             MUMBAI DISTRICT CENTRAL CO-OP. BANK LTD.,0054-CHEMBUR COLONY BRANCH                             
              Om Sai Co-Op Credit Society Ltd, Shop No 4 AC,1247 School, Near Golf Club,Chembur ,Mumbai-400074               

Current Date  :13-Feb-2017                                                                                  UserId : REPORT54
Time : 13:04:04 PM                                                                                               Page :31 / 47
                                                    Statement Of Account                                                     
                                              From  01-Apr-2015  to  13-Feb-2017                                             

   Accountno :00541806000001
   Name: SHRI OM SAI COOP CR STY LTD
   Address :4 AC 1247 NEAR DUDHESHWAR MANDIR
   NEAR NATIONAL SARVODAYA HIGHSCHOOL,,DR.C.G.ROAD, CHEMBUR COLONY
   MUMBAI - 400074
   Limit:9630000                                 INR
   Joint Holder:
=============================================================================================================================
 Trans. Date | Particulars                                   | InstNo |      Debit Amt. |     Credit Amt. |         Balance |
=============================================================================================================================
 Opening Bal |                                                                                               5830064.71 Dr. |
 13-Jul-2016 | BY CLG BY CLG/121473/99900808/2104/032        | 121473 |                 |         5500.00 |  5824564.71 Dr. |
 13-Jul-2016 | BY TRANSFER ECS KUMAR RAMASWAMI~99/01/001200/ |        |                 |        12000.00 |  5812564.71 Dr. |
 13-Jul-2016 | BY CASH                                       |        |                 |        60000.00 |  5752564.71 Dr. |
 14-Jul-2016 | BY CLG BY CLG/13870/99900809/53/032           |  13870 |                 |       387456.00 |  5365108.71 Dr. |
 14-Jul-2016 | TO CASH MIRA V TELAGE                         |   2200 |        25500.00 |                 |  5390608.71 Dr. |
 14-Jul-2016 | TO CASH RAHUL R WAGHMARE                      |   2201 |        25261.00 |                 |  5415869.71 Dr. |
 14-Jul-2016 | TO CASH KISHOR NARAYAN KENI                   |   2195 |        37293.00 |                 |  5453162.71 Dr. |
 14-Jul-2016 | BY CASH                                       |        |                 |        25000.00 |  5428162.71 Dr. |
 14-Jul-2016 | BY CASH                                       |        |                 |        37293.00 |  5390869.71 Dr. |
 14-Jul-2016 | TO CASH DEVENDRA CHANDRAKENT PATIL            |   2203 |       100000.00 |                 |  5490869.71 Dr. |
 14-Jul-2016 | TO CASH MANGESH B BANGAR                      |   2208 |       100000.00 |                 |  5590869.71 Dr. |
 14-Jul-2016 | TO CASH KIRAN P JADHAV                        |   2204 |       100000.00 |                 |  5690869.71 Dr. |
 14-Jul-2016 | TO CASH SUNITA B PAGAR                        |   2206 |       100000.00 |                 |  5790869.71 Dr. |
 14-Jul-2016 | TO CASH MUKESH N LOKHANDE                     |   2207 |       100000.00 |                 |  5890869.71 Dr. |
 14-Jul-2016 | TO CASH SHIRESH R PATIL                       |   2205 |       100000.00 |                 |  5990869.71 Dr. |
 15-Jul-2016 | TO CASH MAYURI C MHATRE                       |   2210 |        25000.00 |                 |  6015869.71 Dr. |
 15-Jul-2016 | BY CASH                                       |        |                 |        25000.00 |  5990869.71 Dr. |
 15-Jul-2016 | BY CASH                                       |        |                 |       100000.00 |  5890869.71 Dr. |
 15-Jul-2016 | TO CASH RAMESHANKAR J VARMA                   |   2211 |       308656.00 |                 |  6199525.71 Dr. |
 15-Jul-2016 | TO TR ECS PRO CHARGES APR TO JUN-2016~99/01/0 |        |           18.00 |                 |  6199543.71 Dr. |
 15-Jul-2016 | BY CASH                                       |        |                 |       150000.00 |  6049543.71 Dr. |
 15-Jul-2016 | BY CASH                                       |        |                 |       125000.00 |  5924543.71 Dr. |
 16-Jul-2016 | BY CLG BY CLG/576778/99900811/1467/032        | 576778 |                 |         7000.00 |  5917543.71 Dr. |
 16-Jul-2016 | TO - MCGM   GENERAL FUND - TO CTSIW CLG : 80  |   2199 |         7241.00 |                 |  5924784.71 Dr. |
 18-Jul-2016 | BY CLG BY CLG/955673/99900812/426/032         | 955673 |                 |        20000.00 |  5904784.71 Dr. |
 18-Jul-2016 | TO - RELIANCE INFRASTRUCTURE - INFRASTRUCTUR  |   2198 |         6000.00 |                 |  5910784.71 Dr. |
 18-Jul-2016 | BY CASH                                       |        |                 |        60000.00 |  5850784.71 Dr. |
 19-Jul-2016 | BY:60/12/000133:TD INT CREDIT                 |        |                 |         8765.00 |  5842019.71 Dr. |
 19-Jul-2016 | TO SI:50/09/5                                 |        |       183500.00 |                 |  6025519.71 Dr. |
 19-Jul-2016 | TO SI:50/09/6                                 |        |       315000.00 |                 |  6340519.71 Dr. |
 19-Jul-2016 | TO SI:50/09/7 SHRI OMSAI COOP CR STY          |        |        18000.00 |                 |  6358519.71 Dr. |
 19-Jul-2016 | TO SI:50/09/7 SHRI OMSAI CR STY               |        |        19400.00 |                 |  6377919.71 Dr. |
 19-Jul-2016 | TO SI:50/09/7 SHRI OMSAI COOP CR STY          |        |         9500.00 |                 |  6387419.71 Dr. |
 19-Jul-2016 | TO SI:50/09/7 SHRI OMSAI COOP CR STY          |        |        29000.00 |                 |  6416419.71 Dr. |
 20-Jul-2016 | BY:60/10/000019:TD INT CREDIT                 |        |                 |          540.00 |  6415879.71 Dr. |
 20-Jul-2016 | BY TRA47/11/01/10 ASHOK AUTO CONSULTING~11    |        |                 |       180000.00 |  6235879.71 Dr. |
 20-Jul-2016 | TO TRA50/13/18 VIJAY INGALE~50/13/000018/0054 |   2213 |         5000.00 |                 |  6240879.71 Dr. |
 20-Jul-2016 | TO SI:50/09/08 SHRI OM SAI                    |        |        46300.00 |                 |  6287179.71 Dr. |
 20-Jul-2016 | BY CASH                                       |        |                 |       200000.00 |  6087179.71 Dr. |
 21-Jul-2016 | BY CLG BY CLG/16853/99900815/1572/032         |  16853 |                 |         5000.00 |  6082179.71 Dr. |
 21-Jul-2016 | TO - THE NEW INDIA ASSURANCE - INDIA ASSURAN  |   2202 |         5378.00 |                 |  6087557.71 Dr. |
 21-Jul-2016 | BY CASH                                       |        |                 |        50000.00 |  6037557.71 Dr. |
 21-Jul-2016 | TO CASH NARESH B MAKAWANA                     |   2212 |        21000.00 |                 |  6058557.71 Dr. |
 21-Jul-2016 | BY CASH                                       |        |                 |        21000.00 |  6037557.71 Dr. |
 22-Jul-2016 | TO CASH MUKESH V GHUMRE                       |   2215 |        15000.00 |                 |  6052557.71 Dr. |
 22-Jul-2016 | TO CASH CHANGADEV R MHATRE                    |   2214 |        60051.00 |                 |  6112608.71 Dr. |
 22-Jul-2016 | BY CASH                                       |        |                 |       170000.00 |  5942608.71 Dr. |
 25-Jul-2016 | BY CLG BY CLG/609221/99900817/1293/032        | 609221 |                 |       300000.00 |  5642608.71 Dr. |
-----------------------------------------------------------------------------------------------------------------------------

                             MUMBAI DISTRICT CENTRAL CO-OP. BANK LTD.,0054-CHEMBUR COLONY BRANCH                             
              Om Sai Co-Op Credit Society Ltd, Shop No 4 AC,1247 School, Near Golf Club,Chembur ,Mumbai-400074               

Current Date  :13-Feb-2017                                                                                  UserId : REPORT54
Time : 13:04:04 PM                                                                                               Page :32 / 47
                                                    Statement Of Account                                                     
                                              From  01-Apr-2015  to  13-Feb-2017                                             

   Accountno :00541806000001
   Name: SHRI OM SAI COOP CR STY LTD
   Address :4 AC 1247 NEAR DUDHESHWAR MANDIR
   NEAR NATIONAL SARVODAYA HIGHSCHOOL,,DR.C.G.ROAD, CHEMBUR COLONY
   MUMBAI - 400074
   Limit:9630000                                 INR
   Joint Holder:
=============================================================================================================================
 Trans. Date | Particulars                                   | InstNo |      Debit Amt. |     Credit Amt. |         Balance |
=============================================================================================================================
 Opening Bal |                                                                                               5642608.71 Dr. |
 25-Jul-2016 | BY CASH                                       |        |                 |        80000.00 |  5562608.71 Dr. |
 26-Jul-2016 | BY CASH                                       |        |                 |       200000.00 |  5362608.71 Dr. |
 27-Jul-2016 | BY CLG BY CLG/27258/99900819/2096/032         |  27258 |                 |         3000.00 |  5359608.71 Dr. |
 27-Jul-2016 | BY CASH                                       |        |                 |        72000.00 |  5287608.71 Dr. |
 28-Jul-2016 | BY CASH                                       |        |                 |        15000.00 |  5272608.71 Dr. |
 28-Jul-2016 | BY TRAN54/11/06/01 SHRI OM SAI COOP CR STY LT |        |                 |       260000.00 |  5012608.71 Dr. |
 29-Jul-2016 | BY TRANSFER BRANCH RENT JULY-2016~99/02/00564 |        |                 |        55000.00 |  4957608.71 Dr. |
 29-Jul-2016 | TO TRANSFER JULY RENT TDS2016~99/01/002220/00 |        |         5500.00 |                 |  4963108.71 Dr. |
 29-Jul-2016 | BY TRF:-60/53/000147                          |        |                 |       544993.00 |  4418115.71 Dr. |
 29-Jul-2016 | BY TRF:-60/53/000145                          |        |                 |       544993.00 |  3873122.71 Dr. |
 29-Jul-2016 | BY TRAN47/11/01/10 ASHOK AUTO CONSULTING~1    |        |                 |       170000.00 |  3703122.71 Dr. |
 29-Jul-2016 | TO TRANSFER60/53/242/241~60/53/000241/0054    |        |      1200000.00 |                 |  4903122.71 Dr. |
 29-Jul-2016 | BY CASH                                       |        |                 |        15000.00 |  4888122.71 Dr. |
 30-Jul-2016 | BY REN:-60/53/000148                          |        |                 |         4993.00 |  4883129.71 Dr. |
 30-Jul-2016 | BY REN:-60/53/000146                          |        |                 |         4993.00 |  4878136.71 Dr. |
 30-Jul-2016 | TO CASH SANJIVA D PUJARI                      |   2216 |        40350.00 |                 |  4918486.71 Dr. |
 30-Jul-2016 | TO INTEREST NORMAL(DEBIT) PRODUC              |        |        43148.00 |                 |  4961634.71 Dr. |
 01-Aug-2016 | BY TR 10/1/1862,1831,1681,1285~10/01/001831/0 |        |                 |        63500.00 |  4898134.71 Dr. |
 02-Aug-2016 | BY:60/12/000134:TD INT CREDIT                 |        |                 |          865.00 |  4897269.71 Dr. |
 02-Aug-2016 | BY CLG BY CLG/25813/99900824/1517/032         |  25813 |                 |       412000.00 |  4485269.71 Dr. |
 02-Aug-2016 | BY SI:10\01\001813                            |        |                 |        12000.00 |  4473269.71 Dr. |
 02-Aug-2016 | BY SI:10\01\001828                            |        |                 |        11000.00 |  4462269.71 Dr. |
 02-Aug-2016 | TO CASH JATIN Y SHINGADIYA                    |   2217 |       156063.00 |                 |  4618332.71 Dr. |
 02-Aug-2016 | TO CASH VIJAY H MORE                          |   2219 |        41400.00 |                 |  4659732.71 Dr. |
 02-Aug-2016 | TO CASH SURESH T RAJPAL                       |   2218 |       193769.00 |                 |  4853501.71 Dr. |
 02-Aug-2016 | BY TRAN30/11/06/12 SHREE OM SAI CO OP CR S    |        |                 |       300000.00 |  4553501.71 Dr. |
 03-Aug-2016 | BY CLG BY CLG/121474/99900825/1612/032        | 121474 |                 |         5500.00 |  4548001.71 Dr. |
 03-Aug-2016 | TO TRAN54/10/01/1909 UMESH SALVE~10/01/001909 |   2222 |        18700.00 |                 |  4566701.71 Dr. |
 03-Aug-2016 | TO CASH RAJU B UPALE                          |   2221 |        21561.00 |                 |  4588262.71 Dr. |
 03-Aug-2016 | BY CASH                                       |        |                 |        21561.00 |  4566701.71 Dr. |
 04-Aug-2016 | BY TRA10/01/9 MHATRE MARURI C~10/01/000009/00 |        |                 |        55000.00 |  4511701.71 Dr. |
 04-Aug-2016 | BY SI:10\01\001693                            |        |                 |         3500.00 |  4508201.71 Dr. |
 04-Aug-2016 | BY CASH                                       |        |                 |       140000.00 |  4368201.71 Dr. |
 04-Aug-2016 | BY CLG BY CLG/25820/99900826/1526/032         |  25820 |                 |       622000.00 |  3746201.71 Dr. |
 04-Aug-2016 | BY CASH                                       |        |                 |        30000.00 |  3716201.71 Dr. |
 04-Aug-2016 | TO CASH ASHOK GOVIND BHUTAL                   |   2223 |       166750.00 |                 |  3882951.71 Dr. |
 04-Aug-2016 | BY CASH                                       |        |                 |        10000.00 |  3872951.71 Dr. |
 04-Aug-2016 | TO TRAN54/10/01/1600 SUREKHA T KHOSE~10/01/00 |   2224 |        70000.00 |                 |  3942951.71 Dr. |
 05-Aug-2016 | TO CASH MUKESH V GHUMRE                       |   2225 |        60000.00 |                 |  4002951.71 Dr. |
 05-Aug-2016 | BY CASH                                       |        |                 |        60000.00 |  3942951.71 Dr. |
 06-Aug-2016 | BY TR 30/11/06/12 SHREE OM SAI COOP CR STY    |        |                 |       544000.00 |  3398951.71 Dr. |
 08-Aug-2016 | BY:60/10/000020:TD INT CREDIT                 |        |                 |         1786.00 |  3397165.71 Dr. |
 08-Aug-2016 | BY SI:10\01\001854                            |        |                 |        12000.00 |  3385165.71 Dr. |
 08-Aug-2016 | BY ECS TR K D WAGHELA,S U KHARAT~99/01/001200 |        |                 |        15500.00 |  3369665.71 Dr. |
 08-Aug-2016 | BY CASH                                       |        |                 |       520000.00 |  2849665.71 Dr. |
 09-Aug-2016 | BY CLG BY CLG/1685/99900830/1468/032          |   1685 |                 |        54289.00 |  2795376.71 Dr. |
 09-Aug-2016 | BY CLG BY CLG/1686/99900830/1409/032          |   1686 |                 |        38928.00 |  2756448.71 Dr. |
 09-Aug-2016 | BY CASH/0027                                  |        |                 |       100000.00 |  2656448.71 Dr. |
-----------------------------------------------------------------------------------------------------------------------------

                             MUMBAI DISTRICT CENTRAL CO-OP. BANK LTD.,0054-CHEMBUR COLONY BRANCH                             
              Om Sai Co-Op Credit Society Ltd, Shop No 4 AC,1247 School, Near Golf Club,Chembur ,Mumbai-400074               

Current Date  :13-Feb-2017                                                                                  UserId : REPORT54
Time : 13:04:04 PM                                                                                               Page :33 / 47
                                                    Statement Of Account                                                     
                                              From  01-Apr-2015  to  13-Feb-2017                                             

   Accountno :00541806000001
   Name: SHRI OM SAI COOP CR STY LTD
   Address :4 AC 1247 NEAR DUDHESHWAR MANDIR
   NEAR NATIONAL SARVODAYA HIGHSCHOOL,,DR.C.G.ROAD, CHEMBUR COLONY
   MUMBAI - 400074
   Limit:9630000                                 INR
   Joint Holder:
=============================================================================================================================
 Trans. Date | Particulars                                   | InstNo |      Debit Amt. |     Credit Amt. |         Balance |
=============================================================================================================================
 Opening Bal |                                                                                               2656448.71 Dr. |
 10-Aug-2016 | TO TRANSFERFIX INT 50/17/5/06/07/08 JUN~50/17 |        |       198981.00 |                 |  2855429.71 Dr. |
 10-Aug-2016 | BY CLG BY CLG/34311/99900831/1692/032         |  34311 |                 |         4000.00 |  2851429.71 Dr. |
 11-Aug-2016 | TO CASH BHUSHAN M YADAV                       |   2226 |        72959.00 |                 |  2924388.71 Dr. |
 12-Aug-2016 | BY:60/10/000010:TD INT CREDIT                 |        |                 |         5628.00 |  2918760.71 Dr. |
 12-Aug-2016 | BY ECS TR 99/01/1200 KUMAR NALLU RAMSWAMI~99/ |        |                 |        12000.00 |  2906760.71 Dr. |
 12-Aug-2016 | BY CASH                                       |        |                 |        35000.00 |  2871760.71 Dr. |
 16-Aug-2016 | BY:60/11/000019:TD INT CREDIT                 |        |                 |          120.00 |  2871640.71 Dr. |
 16-Aug-2016 | BY:60/11/000020:TD INT CREDIT                 |        |                 |         1884.00 |  2869756.71 Dr. |
 16-Aug-2016 | BY CASH                                       |        |                 |        50000.00 |  2819756.71 Dr. |
 17-Aug-2016 | BY:60/12/000135:TD INT CREDIT                 |        |                 |         2512.00 |  2817244.71 Dr. |
 18-Aug-2016 | BY CASH                                       |        |                 |        83700.00 |  2733544.71 Dr. |
 19-Aug-2016 | TO - RELIANCE INFRASTRUCTURE - INFRASTRUCTUR  |   2227 |         4190.00 |                 |  2737734.71 Dr. |
 19-Aug-2016 | TO SI:50/09/5                                 |        |       183500.00 |                 |  2921234.71 Dr. |
 19-Aug-2016 | TO SI:50/09/6                                 |        |       315000.00 |                 |  3236234.71 Dr. |
 19-Aug-2016 | TO SI:50/09/7 SHRI OMSAI COOP CR STY          |        |        18000.00 |                 |  3254234.71 Dr. |
 19-Aug-2016 | TO SI:50/09/7 SHRI OMSAI CR STY               |        |        19400.00 |                 |  3273634.71 Dr. |
 19-Aug-2016 | TO SI:50/09/7 SHRI OMSAI COOP CR STY          |        |         9500.00 |                 |  3283134.71 Dr. |
 19-Aug-2016 | TO SI:50/09/7 SHRI OMSAI COOP CR STY          |        |        29000.00 |                 |  3312134.71 Dr. |
 19-Aug-2016 | BY TR 11/06/1 SHREE OM SAI COOP CR STY~11/06/ |        |                 |        40000.00 |  3272134.71 Dr. |
 19-Aug-2016 | BY CASH                                       |        |                 |        46000.00 |  3226134.71 Dr. |
 20-Aug-2016 | TO SI:50/09/08 SHRI OM SAI                    |        |        46300.00 |                 |  3272434.71 Dr. |
 20-Aug-2016 | TO SI:50/09/8                                 |        |        55600.00 |                 |  3328034.71 Dr. |
 20-Aug-2016 | TO TRANSFER 60/56/09 FIX DEPOSIT~60/56/000009 |        |       500000.00 |                 |  3828034.71 Dr. |
 20-Aug-2016 | TO CASH SHWETA B YADAV                        |   2230 |       250000.00 |                 |  4078034.71 Dr. |
 20-Aug-2016 | TO CASH SHWETA B YADAV                        |   2231 |       200000.00 |                 |  4278034.71 Dr. |
 20-Aug-2016 | TO CASH RAJRANI M YADAV                       |   2234 |       150000.00 |                 |  4428034.71 Dr. |
 20-Aug-2016 | TO CASH BHUSHAN M YADAV                       |   2235 |       150000.00 |                 |  4578034.71 Dr. |
 20-Aug-2016 | TO  CASH BHUSHAN M YADAV                      |   2236 |       150000.00 |                 |  4728034.71 Dr. |
 20-Aug-2016 | TO CASH SHWETA B YADAV                        |   2237 |       150000.00 |                 |  4878034.71 Dr. |
 20-Aug-2016 | TO CASH SHWETA B YADAV                        |   2238 |       150000.00 |                 |  5028034.71 Dr. |
 20-Aug-2016 | TO CASH SHWETA B YADAV                        |   2241 |       100000.00 |                 |  5128034.71 Dr. |
 20-Aug-2016 | TO CASH SHWETA B YADAV                        |   2242 |       100000.00 |                 |  5228034.71 Dr. |
 20-Aug-2016 | TO TR 30/11/06/12 SHRI OM SAI COOP CR STY~11/ |   2244 |       300000.00 |                 |  5528034.71 Dr. |
 20-Aug-2016 | TO CASH SURESH RAJUSTH                        |   2243 |        64000.00 |                 |  5592034.71 Dr. |
 20-Aug-2016 | BY CASH                                       |        |                 |        64000.00 |  5528034.71 Dr. |
 20-Aug-2016 | BY CASH                                       |        |                 |       425000.00 |  5103034.71 Dr. |
 22-Aug-2016 | BY TR 11/06/1 SHRI OM SAI COOP CR STY~11/06/0 |        |                 |       275000.00 |  4828034.71 Dr. |
 22-Aug-2016 | TO CASH KAMLESH P SAVANT                      |   2246 |        43000.00 |                 |  4871034.71 Dr. |
 22-Aug-2016 | BY CASH                                       |        |                 |        20000.00 |  4851034.71 Dr. |
 22-Aug-2016 | BY CASH                                       |        |                 |        43000.00 |  4808034.71 Dr. |
 23-Aug-2016 | BY CASH                                       |        |                 |       200000.00 |  4608034.71 Dr. |
 23-Aug-2016 | TO CASH ASHOK G BHUTAL                        |   2248 |       156000.00 |                 |  4764034.71 Dr. |
 23-Aug-2016 | TO CASH HANUMATRA BAJLAR                      |   2247 |        33200.00 |                 |  4797234.71 Dr. |
 23-Aug-2016 | BY CASH                                       |        |                 |        25000.00 |  4772234.71 Dr. |
 23-Aug-2016 | BY CASH                                       |        |                 |        33200.00 |  4739034.71 Dr. |
 24-Aug-2016 | BY REN:-60/10/000020                          |        |                 |          351.00 |  4738683.71 Dr. |
 24-Aug-2016 | TO CASH ANAND B BHOIR                         |   2250 |       100000.00 |                 |  4838683.71 Dr. |
 24-Aug-2016 | TO CASH SANDESH R DESALE                      |   2249 |       100000.00 |                 |  4938683.71 Dr. |
-----------------------------------------------------------------------------------------------------------------------------

                             MUMBAI DISTRICT CENTRAL CO-OP. BANK LTD.,0054-CHEMBUR COLONY BRANCH                             
              Om Sai Co-Op Credit Society Ltd, Shop No 4 AC,1247 School, Near Golf Club,Chembur ,Mumbai-400074               

Current Date  :13-Feb-2017                                                                                  UserId : REPORT54
Time : 13:04:04 PM                                                                                               Page :34 / 47
                                                    Statement Of Account                                                     
                                              From  01-Apr-2015  to  13-Feb-2017                                             

   Accountno :00541806000001
   Name: SHRI OM SAI COOP CR STY LTD
   Address :4 AC 1247 NEAR DUDHESHWAR MANDIR
   NEAR NATIONAL SARVODAYA HIGHSCHOOL,,DR.C.G.ROAD, CHEMBUR COLONY
   MUMBAI - 400074
   Limit:9630000                                 INR
   Joint Holder:
=============================================================================================================================
 Trans. Date | Particulars                                   | InstNo |      Debit Amt. |     Credit Amt. |         Balance |
=============================================================================================================================
 Opening Bal |                                                                                               4938683.71 Dr. |
 25-Aug-2016 | BY TRA47/11/01/10 ASHOK AUTO CONSU~11/01/0    |        |                 |       170000.00 |  4768683.71 Dr. |
 25-Aug-2016 | TO CASH RAJENDRA K RANMALE                    |   2303 |       100000.00 |                 |  4868683.71 Dr. |
 25-Aug-2016 | TO CASH GURUNATH A BHAVARTHE                  |   2302 |       100000.00 |                 |  4968683.71 Dr. |
 25-Aug-2016 | TO CASH SANDEEP D PATIL                       |   2301 |       100000.00 |                 |  5068683.71 Dr. |
 25-Aug-2016 | BY TR 47/11/01/10 ASHOK AUTO CON~11/01/000    |        |                 |       100000.00 |  4968683.71 Dr. |
 25-Aug-2016 | BY CASH                                       |        |                 |        50000.00 |  4918683.71 Dr. |
 26-Aug-2016 | BY CLG BY CLG/101/99900842/1242/032           |    101 |                 |        12500.00 |  4906183.71 Dr. |
 26-Aug-2016 | BY CASH                                       |        |                 |       150000.00 |  4756183.71 Dr. |
 26-Aug-2016 | BY REN:-60/55/000016                          |        |                 |          884.00 |  4755299.71 Dr. |
 26-Aug-2016 | BY CASH                                       |        |                 |       100000.00 |  4655299.71 Dr. |
 26-Aug-2016 | TO TRANSFER HO ADD SHARE AMOUNT~99/01/001200/ |   2245 |        60000.00 |                 |  4715299.71 Dr. |
 29-Aug-2016 | BY CASH                                       |        |                 |       170000.00 |  4545299.71 Dr. |
 29-Aug-2016 | BY TRANSFER BRANCH RENT AUG 16~99/02/005640/0 |        |                 |        55000.00 |  4490299.71 Dr. |
 29-Aug-2016 | TO TRANSFER AUG RENT TDS~99/01/002220/0054    |        |         5500.00 |                 |  4495799.71 Dr. |
 29-Aug-2016 | BY CASH                                       |        |                 |       431000.00 |  4064799.71 Dr. |
 30-Aug-2016 | BY TR 10/01/9 MAHATRE MAURI~10/01/000009/0054 |        |                 |        14000.00 |  4050799.71 Dr. |
 30-Aug-2016 | BY CASH                                       |        |                 |        35000.00 |  4015799.71 Dr. |
 31-Aug-2016 | BY:60/10/000011:TD INT CREDIT                 |        |                 |        12337.00 |  4003462.71 Dr. |
 31-Aug-2016 | TO CASH VINOD SAMPAT JAISWSAL                 |   2306 |       227000.00 |                 |  4230462.71 Dr. |
 31-Aug-2016 | TO CASH SURENDRA NATH SHUKLA                  |   2305 |        54470.00 |                 |  4284932.71 Dr. |
 31-Aug-2016 | BY CASH                                       |        |                 |        54470.00 |  4230462.71 Dr. |
 31-Aug-2016 | BY CASH                                       |        |                 |       270000.00 |  3960462.71 Dr. |
 31-Aug-2016 | BY CASH                                       |        |                 |        50000.00 |  3910462.71 Dr. |
 31-Aug-2016 | TO INTEREST NORMAL(DEBIT) PRODUC              |        |        26743.00 |                 |  3937205.71 Dr. |
 01-Sep-2016 | TO CASH V G JOSHI                             |   2307 |        31000.00 |                 |  3968205.71 Dr. |
 01-Sep-2016 | BY CASH                                       |        |                 |        31000.00 |  3937205.71 Dr. |
 01-Sep-2016 | TO CASH SATISH B PUNJA                        |   2311 |        30208.00 |                 |  3967413.71 Dr. |
 01-Sep-2016 | TO CASH SATISH B PUNJA                        |   2308 |        38891.00 |                 |  4006304.71 Dr. |
 01-Sep-2016 | BY CASH                                       |        |                 |       150000.00 |  3856304.71 Dr. |
 01-Sep-2016 | BY TR 10/01/1828,1854,1813,1907,1864~10/01/00 |        |                 |        62500.00 |  3793804.71 Dr. |
 02-Sep-2016 | BY SI:10\01\001757                            |        |                 |         5500.00 |  3788304.71 Dr. |
 02-Sep-2016 | BY CLG BY CLG/554870/99900847/319/032         | 554870 |                 |       100000.00 |  3688304.71 Dr. |
 02-Sep-2016 | TO - AUTOMOTIVE MANUFACTURER - TO CTSIW CLG   |   2304 |       360000.00 |                 |  4048304.71 Dr. |
 02-Sep-2016 | BY CASH                                       |        |                 |       110000.00 |  3938304.71 Dr. |
 02-Sep-2016 | BY SI:10\01\001909                            |        |                 |         8600.00 |  3929704.71 Dr. |
 03-Sep-2016 | BY TRANSFER30/11/06/12 SHREE OM SAI COOP~1    |        |                 |       800000.00 |  3129704.71 Dr. |
 05-Sep-2016 | TO - 000011PERFECT INFOTECH - INFOTECH/80008  |   2314 |        10500.00 |                 |  3140204.71 Dr. |
 05-Sep-2016 | TO - 000011PERFECT INFOTECH - INFOTECH/80008  |   2313 |        13400.00 |                 |  3153604.71 Dr. |
 05-Sep-2016 | BY CLG BY CLG/12021/99900849/1337/032         |  12021 |                 |        12000.00 |  3141604.71 Dr. |
 07-Sep-2016 | BY CLG BY CLG/644629/99900850/1920/032        | 644629 |                 |        13000.00 |  3128604.71 Dr. |
 07-Sep-2016 | TO CASH SURESH R RAJUSTH                      |   2315 |        45500.00 |                 |  3174104.71 Dr. |
 07-Sep-2016 | BY CASH                                       |        |                 |        45500.00 |  3128604.71 Dr. |
 07-Sep-2016 | TO CASH RAJNI J MALIK                         |   2316 |        54672.00 |                 |  3183276.71 Dr. |
 07-Sep-2016 | BY TR 47/11/01/10 ASHOK AUTO CON~11/01/000    |        |                 |       160000.00 |  3023276.71 Dr. |
 07-Sep-2016 | BY CASH                                       |        |                 |        20332.00 |  3002944.71 Dr. |
 08-Sep-2016 | BY CASH                                       |        |                 |        20000.00 |  2982944.71 Dr. |
 08-Sep-2016 | BY TRA  ECS KHARAT WAGHELA~99/01/001200/0054  |        |                 |        15500.00 |  2967444.71 Dr. |
 08-Sep-2016 | TO TRAECS RTN KISAN WAGHELA~99/01/001200/0054 |        |         3500.00 |                 |  2970944.71 Dr. |
-----------------------------------------------------------------------------------------------------------------------------

                             MUMBAI DISTRICT CENTRAL CO-OP. BANK LTD.,0054-CHEMBUR COLONY BRANCH                             
              Om Sai Co-Op Credit Society Ltd, Shop No 4 AC,1247 School, Near Golf Club,Chembur ,Mumbai-400074               

Current Date  :13-Feb-2017                                                                                  UserId : REPORT54
Time : 13:04:04 PM                                                                                               Page :35 / 47
                                                    Statement Of Account                                                     
                                              From  01-Apr-2015  to  13-Feb-2017                                             

   Accountno :00541806000001
   Name: SHRI OM SAI COOP CR STY LTD
   Address :4 AC 1247 NEAR DUDHESHWAR MANDIR
   NEAR NATIONAL SARVODAYA HIGHSCHOOL,,DR.C.G.ROAD, CHEMBUR COLONY
   MUMBAI - 400074
   Limit:9630000                                 INR
   Joint Holder:
=============================================================================================================================
 Trans. Date | Particulars                                   | InstNo |      Debit Amt. |     Credit Amt. |         Balance |
=============================================================================================================================
 Opening Bal |                                                                                               2970944.71 Dr. |
 09-Sep-2016 | TO CASH KAMLESH P SAWANT                      |   2318 |        35000.00 |                 |  3005944.71 Dr. |
 09-Sep-2016 | BY CLG BY CLG/892/99900852/1224/032           |    892 |                 |        48612.00 |  2957332.71 Dr. |
 09-Sep-2016 | BY CLG BY CLG/1708/99900852/1243/032          |   1708 |                 |        20236.00 |  2937096.71 Dr. |
 09-Sep-2016 | BY CLG BY CLG/121477/99900852/1271/032        | 121477 |                 |         5500.00 |  2931596.71 Dr. |
 09-Sep-2016 | BY CLG BY CLG/108895/99900852/1261/032        | 108895 |                 |        10000.00 |  2921596.71 Dr. |
 09-Sep-2016 | TO CASH ASHOK G HUTAL                         |   2319 |       215000.00 |                 |  3136596.71 Dr. |
 09-Sep-2016 | TO TRANSFERFIX LOAN INT SEP-2016 50/17/05/06/ |        |       220104.00 |                 |  3356700.71 Dr. |
 12-Sep-2016 | BY:60/10/000021:TD INT CREDIT                 |        |                 |         1707.00 |  3354993.71 Dr. |
 12-Sep-2016 | BY SI:10\01\001813                            |        |                 |        12000.00 |  3342993.71 Dr. |
 12-Sep-2016 | TO TRANSFER WRONG SI SUPRIYA GAIKWAD~10/01/00 |        |        12000.00 |                 |  3354993.71 Dr. |
 12-Sep-2016 | TO CASH KIRAN R PATIL                         |   2322 |       100000.00 |                 |  3454993.71 Dr. |
 12-Sep-2016 | N G KENE                                      |   2323 |       100000.00 |                 |  3554993.71 Dr. |
 12-Sep-2016 | TO CASH B M YADAV                             |   2320 |        82243.00 |                 |  3637236.71 Dr. |
 12-Sep-2016 | BY CASH                                       |        |                 |        60000.00 |  3577236.71 Dr. |
 14-Sep-2016 | TO TRANSFERVAISHALI JITENDRA BEDMUTHA~99/01/0 |   2317 |       110000.00 |                 |  3687236.71 Dr. |
 14-Sep-2016 | TO CASH SHAILESH PATIL                        |   2324 |       100000.00 |                 |  3787236.71 Dr. |
 14-Sep-2016 | TO CASH SANDEP PASHTE                         |   2325 |       100000.00 |                 |  3887236.71 Dr. |
 15-Sep-2016 | BY CASH                                       |        |                 |        50000.00 |  3837236.71 Dr. |
 15-Sep-2016 | BY TRA99/01/1200 ECS HO ADV KUMAR RAMA SWAMI~ |        |                 |        12000.00 |  3825236.71 Dr. |
 15-Sep-2016 | BY CASH                                       |        |                 |       130000.00 |  3695236.71 Dr. |
 16-Sep-2016 | TO CASH BHUSHAN YADHAV                        |   2233 |       450000.00 |                 |  4145236.71 Dr. |
 16-Sep-2016 | TO CASH BHUSHAN YADHAV                        |   2240 |       150000.00 |                 |  4295236.71 Dr. |
 16-Sep-2016 | TO CASH BHUSHAN YADHAV                        |   2330 |       100000.00 |                 |  4395236.71 Dr. |
 16-Sep-2016 | TO CASH SHWETA YADHAV                         |   2331 |       100000.00 |                 |  4495236.71 Dr. |
 16-Sep-2016 | TO CASH SHWTA YADHAV                          |   2326 |       100000.00 |                 |  4595236.71 Dr. |
 16-Sep-2016 | TO CASH BHUSHAN YADHAV                        |   2232 |       250000.00 |                 |  4845236.71 Dr. |
 16-Sep-2016 | TO CASH BHUSHAN YADHAV                        |   2339 |       150000.00 |                 |  4995236.71 Dr. |
 16-Sep-2016 | TO CASH RAJRANI YADHAV                        |   2327 |       150000.00 |                 |  5145236.71 Dr. |
 16-Sep-2016 | TO CASH RAJRANI YADHAV                        |   2328 |       200000.00 |                 |  5345236.71 Dr. |
 16-Sep-2016 | TO CASH RAJRANI YADHAV                        |   2329 |       300000.00 |                 |  5645236.71 Dr. |
 16-Sep-2016 | TO CASH RAJRANI YADHAV                        |   2332 |       150000.00 |                 |  5795236.71 Dr. |
 16-Sep-2016 | TO CASH RAJRANI YADHAV                        |   2337 |       300000.00 |                 |  6095236.71 Dr. |
 16-Sep-2016 | TO CASH SHWETA YADHAV                         |   2336 |       300000.00 |                 |  6395236.71 Dr. |
 16-Sep-2016 | TO CASH SWETA YADHAV                          |   2335 |       300000.00 |                 |  6695236.71 Dr. |
 16-Sep-2016 | TO CASH H B BAJRAL                            |   2338 |       138210.00 |                 |  6833446.71 Dr. |
 16-Sep-2016 | BY CASH                                       |        |                 |        40000.00 |  6793446.71 Dr. |
 16-Sep-2016 | BY CASH                                       |        |                 |       100000.00 |  6693446.71 Dr. |
 16-Sep-2016 | BY CASH                                       |        |                 |        40000.00 |  6653446.71 Dr. |
 19-Sep-2016 | BY CASH                                       |        |                 |       200000.00 |  6453446.71 Dr. |
 19-Sep-2016 | TO SI:50/09/5                                 |        |       183500.00 |                 |  6636946.71 Dr. |
 19-Sep-2016 | TO SI:50/09/6                                 |        |       315000.00 |                 |  6951946.71 Dr. |
 19-Sep-2016 | TO SI:50/09/7 SHRI OMSAI COOP CR STY          |        |        18000.00 |                 |  6969946.71 Dr. |
 19-Sep-2016 | TO SI:50/09/7 SHRI OMSAI CR STY               |        |        19400.00 |                 |  6989346.71 Dr. |
 19-Sep-2016 | TO SI:50/09/7 SHRI OMSAI COOP CR STY          |        |         9500.00 |                 |  6998846.71 Dr. |
 19-Sep-2016 | TO SI:50/09/7 SHRI OMSAI COOP CR STY          |        |        29000.00 |                 |  7027846.71 Dr. |
 19-Sep-2016 | BY CASH                                       |        |                 |        85000.00 |  6942846.71 Dr. |
 20-Sep-2016 | TO SI:50/09/08 SHRI OM SAI                    |        |        46300.00 |                 |  6989146.71 Dr. |
 20-Sep-2016 | TO SI:50/09/8                                 |        |        55600.00 |                 |  7044746.71 Dr. |
-----------------------------------------------------------------------------------------------------------------------------

                             MUMBAI DISTRICT CENTRAL CO-OP. BANK LTD.,0054-CHEMBUR COLONY BRANCH                             
              Om Sai Co-Op Credit Society Ltd, Shop No 4 AC,1247 School, Near Golf Club,Chembur ,Mumbai-400074               

Current Date  :13-Feb-2017                                                                                  UserId : REPORT54
Time : 13:04:04 PM                                                                                               Page :36 / 47
                                                    Statement Of Account                                                     
                                              From  01-Apr-2015  to  13-Feb-2017                                             

   Accountno :00541806000001
   Name: SHRI OM SAI COOP CR STY LTD
   Address :4 AC 1247 NEAR DUDHESHWAR MANDIR
   NEAR NATIONAL SARVODAYA HIGHSCHOOL,,DR.C.G.ROAD, CHEMBUR COLONY
   MUMBAI - 400074
   Limit:9630000                                 INR
   Joint Holder:
=============================================================================================================================
 Trans. Date | Particulars                                   | InstNo |      Debit Amt. |     Credit Amt. |         Balance |
=============================================================================================================================
 Opening Bal |                                                                                               7044746.71 Dr. |
 20-Sep-2016 | TO SI:50/09/08                                |        |        18200.00 |                 |  7062946.71 Dr. |
 20-Sep-2016 | TO - MASTER ADVERTISING - ING/8000901\2321    |   2321 |         3000.00 |                 |  7065946.71 Dr. |
 20-Sep-2016 | TO CASH MANOJ KUMAR C MORYA                   |   2340 |        25200.00 |                 |  7091146.71 Dr. |
 20-Sep-2016 | BY CASH                                       |        |                 |        25200.00 |  7065946.71 Dr. |
 20-Sep-2016 | BY TR 10/01/1285 KADAM S L~10/01/001285/0054  |        |                 |       165000.00 |  6900946.71 Dr. |
 21-Sep-2016 | BY CLG BY CLG/246133/99900860/1639/032        | 246133 |                 |       100000.00 |  6800946.71 Dr. |
 21-Sep-2016 | TO CASH SIDHARTH L KADAM                      |   2341 |       165000.00 |                 |  6965946.71 Dr. |
 21-Sep-2016 | BY CASH                                       |        |                 |       200000.00 |  6765946.71 Dr. |
 21-Sep-2016 | TO CASH PUSHPA I BIND                         |   2342 |        25612.00 |                 |  6791558.71 Dr. |
 21-Sep-2016 | TO TR 10/01/1866 U B TAYADE~10/01/001866/0054 |   2343 |       100000.00 |                 |  6891558.71 Dr. |
 21-Sep-2016 | BY CASH                                       |        |                 |        35000.00 |  6856558.71 Dr. |
 22-Sep-2016 | BY CASH                                       |        |                 |        60000.00 |  6796558.71 Dr. |
 22-Sep-2016 | TO TRANSFER 30/11/06/12~11/06/000012/0030     |   2344 |       200000.00 |                 |  6996558.71 Dr. |
 22-Sep-2016 | BY CASH                                       |        |                 |        15000.00 |  6981558.71 Dr. |
 23-Sep-2016 | TO CASH  ASHOK G BHUTAL                       |   2346 |       146250.00 |                 |  7127808.71 Dr. |
 23-Sep-2016 | BY TRA11/06/01/SHREE OM SAI CO OP CR STY~11/0 |        |                 |       285000.00 |  6842808.71 Dr. |
 23-Sep-2016 | TO CASH SHRIKRUSHNA C DHERE                   |   2345 |        21000.00 |                 |  6863808.71 Dr. |
 23-Sep-2016 | BY CASH                                       |        |                 |        50000.00 |  6813808.71 Dr. |
 23-Sep-2016 | BY CASH                                       |        |                 |        21000.00 |  6792808.71 Dr. |
 26-Sep-2016 | BY CASH                                       |        |                 |       265000.00 |  6527808.71 Dr. |
 26-Sep-2016 | TO CASH S B PUNY                              |   2347 |        46000.00 |                 |  6573808.71 Dr. |
 26-Sep-2016 | TO CASH R U CHAVAN                            |   2348 |        23000.00 |                 |  6596808.71 Dr. |
 26-Sep-2016 | BY CASH                                       |        |                 |        23000.00 |  6573808.71 Dr. |
 26-Sep-2016 | BY CASH                                       |        |                 |        46000.00 |  6527808.71 Dr. |
 26-Sep-2016 | BY CASH                                       |        |                 |        30000.00 |  6497808.71 Dr. |
 27-Sep-2016 | BY CLG BY CLG/27288/99900867/1960/032         |  27288 |                 |         3000.00 |  6494808.71 Dr. |
 27-Sep-2016 | BY TRANSFER BRANCH RENT SEP-16~99/02/005640/0 |        |                 |        55000.00 |  6439808.71 Dr. |
 27-Sep-2016 | TO TRANSFER BRANCH RENT TDS SEP-16~99/01/0022 |        |         5500.00 |                 |  6445308.71 Dr. |
 27-Sep-2016 | BY TRF:-60/53/000119                          |        |                 |         2848.00 |  6442460.71 Dr. |
 27-Sep-2016 | TO CASH PARMJEET M MACHARA                    |   2349 |        45840.00 |                 |  6488300.71 Dr. |
 27-Sep-2016 | BY CASH                                       |        |                 |        45840.00 |  6442460.71 Dr. |
 27-Sep-2016 | BY REN:-60/53/000172                          |        |                 |          626.00 |  6441834.71 Dr. |
 28-Sep-2016 | TO TRF:A/C RENEWAL : 60/53/000268             |        |            2.00 |                 |  6441836.71 Dr. |
 28-Sep-2016 | TO TRA60/56/11 SHRI OM SAI CO OP CR STY~60/56 |        |       500000.00 |                 |  6941836.71 Dr. |
 28-Sep-2016 | BY CLG BY CLG/102/99900868/2114/032           |    102 |                 |        12500.00 |  6929336.71 Dr. |
 28-Sep-2016 | ToBouncing99900868/2114/18 06 000001-102      |        |        12500.00 |                 |  6941836.71 Dr. |
 28-Sep-2016 | ToFUNDS INSU99900868/2114/1806-102            |        |          288.00 |                 |  6942124.71 Dr. |
 29-Sep-2016 | BY CASH                                       |        |                 |        50000.00 |  6892124.71 Dr. |
 29-Sep-2016 | TO CASH R J VARMA                             |   2351 |        26000.00 |                 |  6918124.71 Dr. |
 29-Sep-2016 | TO CASH K G SAPARIYA                          |   2350 |        30000.00 |                 |  6948124.71 Dr. |
 29-Sep-2016 | BY CASH                                       |        |                 |        30000.00 |  6918124.71 Dr. |
 29-Sep-2016 | TO REN:-60/53/000170                          |        |          249.00 |                 |  6918373.71 Dr. |
 30-Sep-2016 | BY:60/10/000012:TD INT CREDIT                 |        |                 |         3563.00 |  6914810.71 Dr. |
 30-Sep-2016 | BY:60/10/000013:TD INT CREDIT                 |        |                 |         1045.00 |  6913765.71 Dr. |
 30-Sep-2016 | BY:60/10/000017:TD INT CREDIT                 |        |                 |         4156.00 |  6909609.71 Dr. |
 30-Sep-2016 | BY:60/10/000022:TD INT CREDIT                 |        |                 |         4000.00 |  6905609.71 Dr. |
 30-Sep-2016 | BY:60/10/000024:TD INT CREDIT                 |        |                 |         2600.00 |  6903009.71 Dr. |
 30-Sep-2016 | BY:60/10/000025:TD INT CREDIT                 |        |                 |         5301.00 |  6897708.71 Dr. |
-----------------------------------------------------------------------------------------------------------------------------

                             MUMBAI DISTRICT CENTRAL CO-OP. BANK LTD.,0054-CHEMBUR COLONY BRANCH                             
              Om Sai Co-Op Credit Society Ltd, Shop No 4 AC,1247 School, Near Golf Club,Chembur ,Mumbai-400074               

Current Date  :13-Feb-2017                                                                                  UserId : REPORT54
Time : 13:04:04 PM                                                                                               Page :37 / 47
                                                    Statement Of Account                                                     
                                              From  01-Apr-2015  to  13-Feb-2017                                             

   Accountno :00541806000001
   Name: SHRI OM SAI COOP CR STY LTD
   Address :4 AC 1247 NEAR DUDHESHWAR MANDIR
   NEAR NATIONAL SARVODAYA HIGHSCHOOL,,DR.C.G.ROAD, CHEMBUR COLONY
   MUMBAI - 400074
   Limit:9630000                                 INR
   Joint Holder:
=============================================================================================================================
 Trans. Date | Particulars                                   | InstNo |      Debit Amt. |     Credit Amt. |         Balance |
=============================================================================================================================
 Opening Bal |                                                                                               6897708.71 Dr. |
 30-Sep-2016 | BY:60/10/000026:TD INT CREDIT                 |        |                 |         6000.00 |  6891708.71 Dr. |
 30-Sep-2016 | BY:60/10/000027:TD INT CREDIT                 |        |                 |         1860.00 |  6889848.71 Dr. |
 30-Sep-2016 | BY:60/10/000028:TD INT CREDIT                 |        |                 |         1614.00 |  6888234.71 Dr. |
 30-Sep-2016 | BY:60/10/000029:TD INT CREDIT                 |        |                 |         5308.00 |  6882926.71 Dr. |
 30-Sep-2016 | BY:60/10/000030:TD INT CREDIT                 |        |                 |         5266.00 |  6877660.71 Dr. |
 30-Sep-2016 | BY:60/10/000031:TD INT CREDIT                 |        |                 |          425.00 |  6877235.71 Dr. |
 30-Sep-2016 | BY:60/11/000025:TD INT CREDIT                 |        |                 |          242.00 |  6876993.71 Dr. |
 30-Sep-2016 | BY:60/11/000027:TD INT CREDIT                 |        |                 |         1600.00 |  6875393.71 Dr. |
 30-Sep-2016 | BY:60/11/000028:TD INT CREDIT                 |        |                 |          120.00 |  6875273.71 Dr. |
 30-Sep-2016 | BY:60/11/000029:TD INT CREDIT                 |        |                 |         2000.00 |  6873273.71 Dr. |
 30-Sep-2016 | BY:60/11/000030:TD INT CREDIT                 |        |                 |         1600.00 |  6871673.71 Dr. |
 30-Sep-2016 | BY:60/11/000031:TD INT CREDIT                 |        |                 |          160.00 |  6871513.71 Dr. |
 30-Sep-2016 | BY:60/11/000034:TD INT CREDIT                 |        |                 |          100.00 |  6871413.71 Dr. |
 30-Sep-2016 | BY:60/11/000035:TD INT CREDIT                 |        |                 |           98.00 |  6871315.71 Dr. |
 30-Sep-2016 | BY:60/11/000036:TD INT CREDIT                 |        |                 |         1631.00 |  6869684.71 Dr. |
 30-Sep-2016 | BY:60/12/000174:TD INT CREDIT                 |        |                 |          475.00 |  6869209.71 Dr. |
 30-Sep-2016 | BY:60/12/000177:TD INT CREDIT                 |        |                 |         4750.00 |  6864459.71 Dr. |
 30-Sep-2016 | BY:60/12/000261:TD INT CREDIT                 |        |                 |        27497.00 |  6836962.71 Dr. |
 30-Sep-2016 | BY:60/12/000262:TD INT CREDIT                 |        |                 |         1274.00 |  6835688.71 Dr. |
 30-Sep-2016 | BY:60/12/000264:TD INT CREDIT                 |        |                 |         1911.00 |  6833777.71 Dr. |
 30-Sep-2016 | BY CLG BY CLG/283712/99900870/1441/032        | 283712 |                 |        59100.00 |  6774677.71 Dr. |
 30-Sep-2016 | BY CLG BY CLG/12224/99900870/1425/032         |  12224 |                 |         6000.00 |  6768677.71 Dr. |
 30-Sep-2016 | BY REN:-60/53/000173                          |        |                 |         4377.00 |  6764300.71 Dr. |
 30-Sep-2016 | BY TRF:-60/53/000131                          |        |                 |          285.00 |  6764015.71 Dr. |
 30-Sep-2016 | TO CASH SACHIN J JADHAV                       |   2352 |       101994.00 |                 |  6866009.71 Dr. |
 30-Sep-2016 | BY CASH                                       |        |                 |        60000.00 |  6806009.71 Dr. |
 30-Sep-2016 | TO CASH V B TAYDE                             |   2353 |       101994.00 |                 |  6908003.71 Dr. |
 30-Sep-2016 | TO CASH S N DHUMAL                            |   2354 |       101994.00 |                 |  7009997.71 Dr. |
 30-Sep-2016 | BY CASH                                       |        |                 |        80000.00 |  6929997.71 Dr. |
 30-Sep-2016 | BY CASH                                       |        |                 |       200000.00 |  6729997.71 Dr. |
 30-Sep-2016 | TO INTEREST NORMAL(DEBIT) PRODUC              |        |        34387.00 |                 |  6764384.71 Dr. |
 01-Oct-2016 | BY CASH                                       |        |                 |       200000.00 |  6564384.71 Dr. |
 01-Oct-2016 | BY CLG BY CLG/999288/99900871/1359/032        | 999288 |                 |         9000.00 |  6555384.71 Dr. |
 01-Oct-2016 | BY CLG BY CLG/248724/99900871/1382/032        | 248724 |                 |       300000.00 |  6255384.71 Dr. |
 01-Oct-2016 | BY CLG BY CLG/579109/99900871/1370/032        | 579109 |                 |        17500.00 |  6237884.71 Dr. |
 01-Oct-2016 | TO TRANSFER ECS PRO CHAR AUG TO SEP~99/01/001 |        |           12.00 |                 |  6237896.71 Dr. |
 01-Oct-2016 | BY CASH                                       |        |                 |       150000.00 |  6087896.71 Dr. |
 01-Oct-2016 | BY CASH                                       |        |                 |       260000.00 |  5827896.71 Dr. |
 01-Oct-2016 | BY TR 10/01/1831 MITBAVKAR 10/01/1681 KAMBLE~ |        |                 |        36500.00 |  5791396.71 Dr. |
 03-Oct-2016 | BY:60/10/000012:TD INT CREDIT                 |        |                 |           46.00 |  5791350.71 Dr. |
 03-Oct-2016 | BY:60/10/000013:TD INT CREDIT                 |        |                 |           14.00 |  5791336.71 Dr. |
 03-Oct-2016 | BY:60/11/000025:TD INT CREDIT                 |        |                 |            5.00 |  5791331.71 Dr. |
 03-Oct-2016 | BY SI:10\01\001910                            |        |                 |         8200.00 |  5783131.71 Dr. |
 03-Oct-2016 | BY SI:10\01\001828                            |        |                 |        11000.00 |  5772131.71 Dr. |
 03-Oct-2016 | BY SI:10\01\001854                            |        |                 |        12000.00 |  5760131.71 Dr. |
 03-Oct-2016 | BY SI:10\01\001907                            |        |                 |         7000.00 |  5753131.71 Dr. |
 03-Oct-2016 | BY SI:10\01\001909                            |        |                 |         8600.00 |  5744531.71 Dr. |
 03-Oct-2016 | BY SI:10\01\001914                            |        |                 |         3500.00 |  5741031.71 Dr. |
-----------------------------------------------------------------------------------------------------------------------------

                             MUMBAI DISTRICT CENTRAL CO-OP. BANK LTD.,0054-CHEMBUR COLONY BRANCH                             
              Om Sai Co-Op Credit Society Ltd, Shop No 4 AC,1247 School, Near Golf Club,Chembur ,Mumbai-400074               

Current Date  :13-Feb-2017                                                                                  UserId : REPORT54
Time : 13:04:04 PM                                                                                               Page :38 / 47
                                                    Statement Of Account                                                     
                                              From  01-Apr-2015  to  13-Feb-2017                                             

   Accountno :00541806000001
   Name: SHRI OM SAI COOP CR STY LTD
   Address :4 AC 1247 NEAR DUDHESHWAR MANDIR
   NEAR NATIONAL SARVODAYA HIGHSCHOOL,,DR.C.G.ROAD, CHEMBUR COLONY
   MUMBAI - 400074
   Limit:9630000                                 INR
   Joint Holder:
=============================================================================================================================
 Trans. Date | Particulars                                   | InstNo |      Debit Amt. |     Credit Amt. |         Balance |
=============================================================================================================================
 Opening Bal |                                                                                               5741031.71 Dr. |
 03-Oct-2016 | BY CLG BY CLG/937286/99900872/1144/032        | 937286 |                 |         4500.00 |  5736531.71 Dr. |
 03-Oct-2016 | BY CASH                                       |        |                 |        25000.00 |  5711531.71 Dr. |
 04-Oct-2016 | BY CLG BY CLG/652981/99900873/1525/032        | 652981 |                 |        13000.00 |  5698531.71 Dr. |
 04-Oct-2016 | BY CLG BY CLG/644625/99900873/1536/032        | 644625 |                 |        13000.00 |  5685531.71 Dr. |
 04-Oct-2016 | BY TRA10/01/1866 TAYADE UMESH B~10/01/001866/ |        |                 |         5000.00 |  5680531.71 Dr. |
 04-Oct-2016 | TO CASH MEHUL P RANVA                         |   2357 |        30000.00 |                 |  5710531.71 Dr. |
 04-Oct-2016 | TO CASH SUSHMA DHIVAR                         |   2355 |       102071.00 |                 |  5812602.71 Dr. |
 04-Oct-2016 | TO CASH SACHIN SHIKHARE                       |   2356 |       102071.00 |                 |  5914673.71 Dr. |
 04-Oct-2016 | BY CASH                                       |        |                 |       100000.00 |  5814673.71 Dr. |
 04-Oct-2016 | BY CASH                                       |        |                 |       160000.00 |  5654673.71 Dr. |
 04-Oct-2016 | ToBouncing99900873/1525/18 06 000001-652981   |        |        13000.00 |                 |  5667673.71 Dr. |
 04-Oct-2016 | ToFUNDS INSU99900873/1525/1806-652981         |        |          288.00 |                 |  5667961.71 Dr. |
 05-Oct-2016 | BY SI:10\01\001813                            |        |                 |        12000.00 |  5655961.71 Dr. |
 06-Oct-2016 | BY CLG BY CLG/108896/99900875/1535/032        | 108896 |                 |        10000.00 |  5645961.71 Dr. |
 06-Oct-2016 | BY TR 10/01/1864  PALAKIRTI LAXMAN~10/01/0018 |        |                 |        55000.00 |  5590961.71 Dr. |
 06-Oct-2016 | BY TR 10/01/1693 BORADE RAJESH MOHAN~10/01/00 |        |                 |         7000.00 |  5583961.71 Dr. |
 07-Oct-2016 | BY CLG BY CLG/652981/99900876/1557/032        | 652981 |                 |        13000.00 |  5570961.71 Dr. |
 07-Oct-2016 | BY TR H O A/C KRISHNA WAGHELA SUNITA KHARAT~9 |        |                 |        15500.00 |  5555461.71 Dr. |
 07-Oct-2016 | BY CASH                                       |        |                 |       485000.00 |  5070461.71 Dr. |
 10-Oct-2016 | BY CLG BY CLG/45628/99900877/208/032          |  45628 |                 |        13000.00 |  5057461.71 Dr. |
 10-Oct-2016 | BY CLG BY CLG/121475/99900877/188/032         | 121475 |                 |         5500.00 |  5051961.71 Dr. |
 10-Oct-2016 | TO TRANSFER FIX LOAN INT 50/17/5/06/07/08~50/ |        |       249735.00 |                 |  5301696.71 Dr. |
 13-Oct-2016 | BY CASH                                       |        |                 |       300000.00 |  5001696.71 Dr. |
 13-Oct-2016 | BY REN:-60/53/000175                          |        |                 |         2521.00 |  4999175.71 Dr. |
 13-Oct-2016 | BY CLG BY CLG/999448/99900878/1920/032        | 999448 |                 |        30000.00 |  4969175.71 Dr. |
 13-Oct-2016 | BY CLG BY CLG/1730/99900878/1994/032          |   1730 |                 |        56461.00 |  4912714.71 Dr. |
 13-Oct-2016 | BY TR 30/11/06/12 SHRI OM SAI COOP CR STY~    |        |                 |       250000.00 |  4662714.71 Dr. |
 13-Oct-2016 | TO - RELIANCE INDIA - INDIA/8000917\2358      |   2358 |         3740.00 |                 |  4666454.71 Dr. |
 13-Oct-2016 | TO CASH VIMAL B SONAWANE                      |   2360 |       102147.00 |                 |  4768601.71 Dr. |
 13-Oct-2016 | TO CASH NAVIN V GHUMRE                        |   2359 |       102147.00 |                 |  4870748.71 Dr. |
 13-Oct-2016 | BY CASH                                       |        |                 |       150000.00 |  4720748.71 Dr. |
 13-Oct-2016 | 27/11/06/90 SHRI OM SAI COOP CR STY~11/06/    |        |                 |        35000.00 |  4685748.71 Dr. |
 13-Oct-2016 | BY CASH                                       |        |                 |       270000.00 |  4415748.71 Dr. |
 14-Oct-2016 | BY:60/10/000017:TD INT CREDIT                 |        |                 |          605.00 |  4415143.71 Dr. |
 14-Oct-2016 | BY TR ECS HO A/C KUMAR NULLA RAMSW~99/01/0012 |        |                 |        12000.00 |  4403143.71 Dr. |
 14-Oct-2016 | BY CASH                                       |        |                 |        50000.00 |  4353143.71 Dr. |
 17-Oct-2016 | BY REN:-60/10/000012                          |        |                 |          269.00 |  4352874.71 Dr. |
 17-Oct-2016 | BY REN:-60/10/000013                          |        |                 |           79.00 |  4352795.71 Dr. |
 17-Oct-2016 | BY REN:-60/11/000025                          |        |                 |           18.00 |  4352777.71 Dr. |
 17-Oct-2016 | BY REN:-60/12/000174                          |        |                 |           35.00 |  4352742.71 Dr. |
 17-Oct-2016 | TO - BHUSHAN MANFUL YADAV - TO CTSIW CLG : 8  |   2361 |      1500000.00 |                 |  5852742.71 Dr. |
 17-Oct-2016 | TO - SHWETA BHUSHAN YADAV - TO CTSIW CLG : 8  |   2362 |      1500000.00 |                 |  7352742.71 Dr. |
 18-Oct-2016 | BY CLG BY CLG/69/99900884/1623/032            |     69 |                 |       500000.00 |  6852742.71 Dr. |
 18-Oct-2016 | BY CASH/0030                                  |        |                 |        40000.00 |  6812742.71 Dr. |
 18-Oct-2016 | TO CASH MUKTAR AHAMAD SALMANI                 |   2363 |        24418.00 |                 |  6837160.71 Dr. |
 18-Oct-2016 | BY CASH                                       |        |                 |        24418.00 |  6812742.71 Dr. |
 18-Oct-2016 | BY CASH                                       |        |                 |       150000.00 |  6662742.71 Dr. |
 18-Oct-2016 | TO TRANSFER SURESH KANALE 1964~10/01/001964/0 |   2367 |        50000.00 |                 |  6712742.71 Dr. |
-----------------------------------------------------------------------------------------------------------------------------

                             MUMBAI DISTRICT CENTRAL CO-OP. BANK LTD.,0054-CHEMBUR COLONY BRANCH                             
              Om Sai Co-Op Credit Society Ltd, Shop No 4 AC,1247 School, Near Golf Club,Chembur ,Mumbai-400074               

Current Date  :13-Feb-2017                                                                                  UserId : REPORT54
Time : 13:04:04 PM                                                                                               Page :39 / 47
                                                    Statement Of Account                                                     
                                              From  01-Apr-2015  to  13-Feb-2017                                             

   Accountno :00541806000001
   Name: SHRI OM SAI COOP CR STY LTD
   Address :4 AC 1247 NEAR DUDHESHWAR MANDIR
   NEAR NATIONAL SARVODAYA HIGHSCHOOL,,DR.C.G.ROAD, CHEMBUR COLONY
   MUMBAI - 400074
   Limit:9630000                                 INR
   Joint Holder:
=============================================================================================================================
 Trans. Date | Particulars                                   | InstNo |      Debit Amt. |     Credit Amt. |         Balance |
=============================================================================================================================
 Opening Bal |                                                                                               6712742.71 Dr. |
 19-Oct-2016 | BY CASH                                       |        |                 |       100000.00 |  6612742.71 Dr. |
 19-Oct-2016 | BY CASH                                       |        |                 |       150000.00 |  6462742.71 Dr. |
 19-Oct-2016 | TO SI:50/09/5                                 |        |       183500.00 |                 |  6646242.71 Dr. |
 19-Oct-2016 | TO SI:50/09/6                                 |        |       315000.00 |                 |  6961242.71 Dr. |
 19-Oct-2016 | TO SI:50/09/7 SHRI OMSAI COOP CR STY          |        |        18000.00 |                 |  6979242.71 Dr. |
 19-Oct-2016 | TO SI:50/09/7 SHRI OMSAI CR STY               |        |        19400.00 |                 |  6998642.71 Dr. |
 19-Oct-2016 | TO SI:50/09/7 SHRI OMSAI COOP CR STY          |        |         9500.00 |                 |  7008142.71 Dr. |
 19-Oct-2016 | TO SI:50/09/7 SHRI OMSAI COOP CR STY          |        |        29000.00 |                 |  7037142.71 Dr. |
 19-Oct-2016 | BY TR 11/06/1 SHRI OM SAI COOP CR STY~11/06/0 |        |                 |        35000.00 |  7002142.71 Dr. |
 19-Oct-2016 | TO CASH BHUSHAN M YADAV                       |   2368 |        51607.00 |                 |  7053749.71 Dr. |
 19-Oct-2016 | TO TRANSFER 60/55/30~60/55/000030/0054        |        |       221000.00 |                 |  7274749.71 Dr. |
 19-Oct-2016 | TO CASH SUDHIR D PATIL                        |   2375 |       100000.00 |                 |  7374749.71 Dr. |
 19-Oct-2016 | TO CASH N R CHAUDHARI                         |   2373 |       100000.00 |                 |  7474749.71 Dr. |
 19-Oct-2016 | TO CASH Y G ROTHE                             |   2372 |       100000.00 |                 |  7574749.71 Dr. |
 19-Oct-2016 | TO CASH S H BOMBE                             |   2369 |       100000.00 |                 |  7674749.71 Dr. |
 19-Oct-2016 | TO CASH M M MEHER                             |   2370 |       100000.00 |                 |  7774749.71 Dr. |
 19-Oct-2016 | TO CASH M K DALVI                             |   2371 |       100000.00 |                 |  7874749.71 Dr. |
 19-Oct-2016 | TO CASH A C TODKAR                            |   2376 |       100000.00 |                 |  7974749.71 Dr. |
 19-Oct-2016 | TO CASH B P DHAKOL                            |   2374 |       100000.00 |                 |  8074749.71 Dr. |
 19-Oct-2016 | TO CASH N D BHAVARTHE                         |   2377 |       100000.00 |                 |  8174749.71 Dr. |
 19-Oct-2016 | TO CASH H R WAGH                              |   2378 |       100000.00 |                 |  8274749.71 Dr. |
 19-Oct-2016 | BY CASH                                       |        |                 |       225000.00 |  8049749.71 Dr. |
 19-Oct-2016 | TO TR ECS SING VERIFICATION CHAR 99/02/7335~9 |        |          172.00 |                 |  8049921.71 Dr. |
 20-Oct-2016 | TO SI:50/09/08 SHRI OM SAI                    |        |        46300.00 |                 |  8096221.71 Dr. |
 20-Oct-2016 | TO SI:50/09/8                                 |        |        55600.00 |                 |  8151821.71 Dr. |
 20-Oct-2016 | TO SI:50/09/08                                |        |        18200.00 |                 |  8170021.71 Dr. |
 20-Oct-2016 | TO SI:50/09/08                                |        |        80200.00 |                 |  8250221.71 Dr. |
 20-Oct-2016 | TO - GHADAGE USHA SHIVAJI - TO CTSIW CLG : 8  |   2364 |       100000.00 |                 |  8350221.71 Dr. |
 20-Oct-2016 | TO CASH GITADEVI A GUPTA                      |   2379 |        40000.00 |                 |  8390221.71 Dr. |
 21-Oct-2016 | BY CLG BY CLG/999536/99900887/1853/032        | 999536 |                 |         9000.00 |  8381221.71 Dr. |
 21-Oct-2016 | BY TRANSFER54/11/06/01 SHRI OM~11/06/000001/0 |        |                 |       278000.00 |  8103221.71 Dr. |
 21-Oct-2016 | TO - GHADAGE USHA SHIVAJI - TO CTSIW CLG : 8  |   2366 |       100000.00 |                 |  8203221.71 Dr. |
 21-Oct-2016 | BY CASH                                       |        |                 |       291000.00 |  7912221.71 Dr. |
 21-Oct-2016 | BY CASH                                       |        |                 |        21000.00 |  7891221.71 Dr. |
 24-Oct-2016 | BY CASH                                       |        |                 |        40000.00 |  7851221.71 Dr. |
 25-Oct-2016 | BY TRANSFER BRANCH RENT OCT 2016~99/02/005640 |        |                 |        55000.00 |  7796221.71 Dr. |
 25-Oct-2016 | TO TRANSFER BRANCH RENT OCT 2016~99/01/002220 |        |         5500.00 |                 |  7801721.71 Dr. |
 25-Oct-2016 | BY CASH                                       |        |                 |        30000.00 |  7771721.71 Dr. |
 26-Oct-2016 | BY SI:10\01\001681                            |        |                 |         9000.00 |  7762721.71 Dr. |
 26-Oct-2016 | BY SI:10\01\001864                            |        |                 |        11000.00 |  7751721.71 Dr. |
 26-Oct-2016 | BY SI:10\01\001831                            |        |                 |        12000.00 |  7739721.71 Dr. |
 26-Oct-2016 | BY SI:10\01\001828                            |        |                 |        11000.00 |  7728721.71 Dr. |
 26-Oct-2016 | BY TRANSFER 10/01/1757 SONAVANE~10/01/001757/ |        |                 |         5500.00 |  7723221.71 Dr. |
 27-Oct-2016 | BY CLG BY CLG/27652/99900891/1985/032         |  27652 |                 |         6000.00 |  7717221.71 Dr. |
 27-Oct-2016 | TO - CTS-CLEARING - ING/8000928\2381          |   2381 |         1614.00 |                 |  7718835.71 Dr. |
 28-Oct-2016 | TO TRA 10/01/1911 KADAM RAJU M~10/01/001911/0 |   2383 |       500000.00 |                 |  8218835.71 Dr. |
 28-Oct-2016 | BY CASH                                       |        |                 |       200000.00 |  8018835.71 Dr. |
 28-Oct-2016 | BY TR 10/01/1866 TAYDE~10/01/001866/0054      |        |                 |        10500.00 |  8008335.71 Dr. |
-----------------------------------------------------------------------------------------------------------------------------

                             MUMBAI DISTRICT CENTRAL CO-OP. BANK LTD.,0054-CHEMBUR COLONY BRANCH                             
              Om Sai Co-Op Credit Society Ltd, Shop No 4 AC,1247 School, Near Golf Club,Chembur ,Mumbai-400074               

Current Date  :13-Feb-2017                                                                                  UserId : REPORT54
Time : 13:04:04 PM                                                                                               Page :40 / 47
                                                    Statement Of Account                                                     
                                              From  01-Apr-2015  to  13-Feb-2017                                             

   Accountno :00541806000001
   Name: SHRI OM SAI COOP CR STY LTD
   Address :4 AC 1247 NEAR DUDHESHWAR MANDIR
   NEAR NATIONAL SARVODAYA HIGHSCHOOL,,DR.C.G.ROAD, CHEMBUR COLONY
   MUMBAI - 400074
   Limit:9630000                                 INR
   Joint Holder:
=============================================================================================================================
 Trans. Date | Particulars                                   | InstNo |      Debit Amt. |     Credit Amt. |         Balance |
=============================================================================================================================
 Opening Bal |                                                                                               8008335.71 Dr. |
 28-Oct-2016 | BY TR 10/01/1864,1831,1681~10/01/001864/0054  |        |                 |        38000.00 |  7970335.71 Dr. |
 28-Oct-2016 | BY TR 10/01/1285,1813,1757~10/01/001285/0054  |        |                 |        30000.00 |  7940335.71 Dr. |
 28-Oct-2016 | BY TR 10/01/1854 GAIKWAD S B~10/01/001854/005 |        |                 |        12000.00 |  7928335.71 Dr. |
 28-Oct-2016 | BY TR 10/01/1914 PAWAR S L~10/01/001914/0054  |        |                 |         3500.00 |  7924835.71 Dr. |
 31-Oct-2016 | BY CLG BY CLG/802/99900894/1391/032           |    802 |                 |         4065.00 |  7920770.71 Dr. |
 31-Oct-2016 | TO INTEREST NORMAL(DEBIT) PRODUC              |        |        44337.00 |                 |  7965107.71 Dr. |
 01-Nov-2016 | TO CASH JOYA R KURESHI                        |   2384 |        40707.00 |                 |  8005814.71 Dr. |
 01-Nov-2016 | BY CASH                                       |        |                 |       104000.00 |  7901814.71 Dr. |
 02-Nov-2016 | BY SI:10\01\001910                            |        |                 |         8200.00 |  7893614.71 Dr. |
 02-Nov-2016 | TO CASH DIYA KOUR P THAKUR                    |   2385 |        17758.00 |                 |  7911372.71 Dr. |
 02-Nov-2016 | BY TR 30/11/06/12 SHREE OM SAI COOP CR STY    |        |                 |       100000.00 |  7811372.71 Dr. |
 02-Nov-2016 | BY SI:10\01\001907                            |        |                 |         7000.00 |  7804372.71 Dr. |
 02-Nov-2016 | BY SI:10\01\001914                            |        |                 |         3500.00 |  7800872.71 Dr. |
 03-Nov-2016 | BY CLG BY CLG/609161/99900896/1221/032        | 609161 |                 |         7000.00 |  7793872.71 Dr. |
 03-Nov-2016 | BY CASH                                       |        |                 |        30000.00 |  7763872.71 Dr. |
 04-Nov-2016 | BY CLG BY CLG/579184/99900897/1333/032        | 579184 |                 |        49000.00 |  7714872.71 Dr. |
 04-Nov-2016 | TO CASH DEEPAK K PADEKAR                      |   2386 |        26000.00 |                 |  7740872.71 Dr. |
 04-Nov-2016 | BY TR 27/11/06/90 SHREE OM SAI COOP CR STY    |        |                 |        15000.00 |  7725872.71 Dr. |
 04-Nov-2016 | BY CASH                                       |        |                 |        26000.00 |  7699872.71 Dr. |
 04-Nov-2016 | BY TR 10/01/1693 BORADE RAJESH MOHAN~10/01/00 |        |                 |         3500.00 |  7696372.71 Dr. |
 04-Nov-2016 | TO TR 30/11/06/12 SHREE OM SAI COOP CR STY~11 |   2388 |        65000.00 |                 |  7761372.71 Dr. |
 04-Nov-2016 | BY CASH                                       |        |                 |        20000.00 |  7741372.71 Dr. |
 04-Nov-2016 | TO TR O/W CLG CH NO 937286 WRANGLY CR 03/10/1 |        |         4500.00 |                 |  7745872.71 Dr. |
 05-Nov-2016 | TO CASH NITESH K BHOIR                        |   2392 |       100000.00 |                 |  7845872.71 Dr. |
 05-Nov-2016 | TO CASH MANOJKUMARR GUPTA                     |   2393 |       100000.00 |                 |  7945872.71 Dr. |
 05-Nov-2016 | TO CASH GIRISH G BHOIR                        |   2394 |       100000.00 |                 |  8045872.71 Dr. |
 05-Nov-2016 | TO CASH MALTI B SHELAR                        |   2395 |       100000.00 |                 |  8145872.71 Dr. |
 05-Nov-2016 | TO CASH SANKET S SHELAR                       |   2396 |       100000.00 |                 |  8245872.71 Dr. |
 05-Nov-2016 | TO CASH VAISHALI T PAWAR                      |   2397 |       100000.00 |                 |  8345872.71 Dr. |
 05-Nov-2016 | TO CASH PRIYANKA P PATIL                      |   2398 |       100000.00 |                 |  8445872.71 Dr. |
 05-Nov-2016 | TO CASH VEDIKA V PATIL                        |   2391 |       100000.00 |                 |  8545872.71 Dr. |
 05-Nov-2016 | TO CASH YUGESH S PATIL                        |   2390 |       100000.00 |                 |  8645872.71 Dr. |
 05-Nov-2016 | TO CASH MAHESH M VISHE                        |   2389 |       100000.00 |                 |  8745872.71 Dr. |
 05-Nov-2016 | TO - MTNL - TO CTSIW CLG : 8000936/MTNL/8000  |   2380 |         2216.00 |                 |  8748088.71 Dr. |
 05-Nov-2016 | BY CASH                                       |        |                 |        40000.00 |  8708088.71 Dr. |
 05-Nov-2016 | BY SI:10\01\001828                            |        |                 |        11000.00 |  8697088.71 Dr. |
 07-Nov-2016 | BY CASH                                       |        |                 |       145000.00 |  8552088.71 Dr. |
 07-Nov-2016 | BY SI:10\01\001854                            |        |                 |        12000.00 |  8540088.71 Dr. |
 07-Nov-2016 | TO CASH  RAJENDRA V SURVE                     |   2400 |       220000.00 |                 |  8760088.71 Dr. |
 07-Nov-2016 | BY CASH                                       |        |                 |       220000.00 |  8540088.71 Dr. |
 08-Nov-2016 | BY CLG BY CLG/121478/99900900/1321/032        | 121478 |                 |         5000.00 |  8535088.71 Dr. |
 08-Nov-2016 | BY CLG BY CLG/644626/99900900/1311/032        | 644626 |                 |        13000.00 |  8522088.71 Dr. |
 08-Nov-2016 | BY CLG BY CLG/108897/99900900/1303/032        | 108897 |                 |        10000.00 |  8512088.71 Dr. |
 08-Nov-2016 | TO CASH NILAM A DOIPHODE                      |   2402 |       102416.00 |                 |  8614504.71 Dr. |
 08-Nov-2016 | TO CASH NAVIN V GHUMRE                        |   2403 |       102416.00 |                 |  8716920.71 Dr. |
 08-Nov-2016 | BY CASH                                       |        |                 |       110000.00 |  8606920.71 Dr. |
 08-Nov-2016 | BY ECS TR  H O A/C KISHAN D WAGHELA~99/01/001 |        |                 |         3500.00 |  8603420.71 Dr. |
 08-Nov-2016 | BY ECS TR H O A/C MRS SUNITA U KHARAT~99/01/0 |        |                 |        12000.00 |  8591420.71 Dr. |
-----------------------------------------------------------------------------------------------------------------------------

                             MUMBAI DISTRICT CENTRAL CO-OP. BANK LTD.,0054-CHEMBUR COLONY BRANCH                             
              Om Sai Co-Op Credit Society Ltd, Shop No 4 AC,1247 School, Near Golf Club,Chembur ,Mumbai-400074               

Current Date  :13-Feb-2017                                                                                  UserId : REPORT54
Time : 13:04:04 PM                                                                                               Page :41 / 47
                                                    Statement Of Account                                                     
                                              From  01-Apr-2015  to  13-Feb-2017                                             

   Accountno :00541806000001
   Name: SHRI OM SAI COOP CR STY LTD
   Address :4 AC 1247 NEAR DUDHESHWAR MANDIR
   NEAR NATIONAL SARVODAYA HIGHSCHOOL,,DR.C.G.ROAD, CHEMBUR COLONY
   MUMBAI - 400074
   Limit:9630000                                 INR
   Joint Holder:
=============================================================================================================================
 Trans. Date | Particulars                                   | InstNo |      Debit Amt. |     Credit Amt. |         Balance |
=============================================================================================================================
 Opening Bal |                                                                                               8591420.71 Dr. |
 08-Nov-2016 | BY CASH                                       |        |                 |        90000.00 |  8501420.71 Dr. |
 09-Nov-2016 | BY CLG BY CLG/1751/99900901/1759/032          |   1751 |                 |        74115.00 |  8427305.71 Dr. |
 09-Nov-2016 | TO - BALAJI AUTO COMMERCIALV - TO CTSIW CLG   |   2399 |       157500.00 |                 |  8584805.71 Dr. |
 10-Nov-2016 | TO TRANSFER FIX LOAN INT 50/17/5/06/07/08~50/ |        |       287991.00 |                 |  8872796.71 Dr. |
 10-Nov-2016 | BY CASH                                       |        |                 |      1303000.00 |  7569796.71 Dr. |
 10-Nov-2016 | BY CASH                                       |        |                 |       251500.00 |  7318296.71 Dr. |
 11-Nov-2016 | TO CASH HUSSAIN R CHOUDHARI                   |   2406 |         6984.00 |                 |  7325280.71 Dr. |
 11-Nov-2016 | TO TRA 10/01/1911 KADAM RAJU M~10/01/001911/0 |   2407 |       150000.00 |                 |  7475280.71 Dr. |
 12-Nov-2016 | BY:60/12/000177:TD INT CREDIT                 |        |                 |         2147.00 |  7473133.71 Dr. |
 12-Nov-2016 | BY CLG BY CLG/158838/99900904/1706/032        | 158838 |                 |        80000.00 |  7393133.71 Dr. |
 12-Nov-2016 | BY CLG BY CLG/427539/99900904/1737/032        | 427539 |                 |         5000.00 |  7388133.71 Dr. |
 12-Nov-2016 | BY ECS TR HO A/C SHRI KUMAR NALLU RAMSWAMI~99 |        |                 |        12000.00 |  7376133.71 Dr. |
 12-Nov-2016 | TO - REKHAPUNDIR - TO CTSIW CLG : 8000942/RE  |   2405 |        10341.00 |                 |  7386474.71 Dr. |
 12-Nov-2016 | ToBouncing99900904/1737/18 06 000001-427539   |        |         5000.00 |                 |  7391474.71 Dr. |
 12-Nov-2016 | ToFUNDS INSU99900904/1737/1806-427539         |        |          288.00 |                 |  7391762.71 Dr. |
 12-Nov-2016 | BY SI:10\01\001285                            |        |                 |        15000.00 |  7376762.71 Dr. |
 12-Nov-2016 | TO CASH MOHINDRASING H MACHRA                 |   2415 |        10000.00 |                 |  7386762.71 Dr. |
 13-Nov-2016 | BY TR 10/01/1974 SHABANA~10/01/001974/0054    |        |                 |        13000.00 |  7373762.71 Dr. |
 15-Nov-2016 | TO CASH RAHUL R WAGHMARE                      |   2416 |        10000.00 |                 |  7383762.71 Dr. |
 16-Nov-2016 | TO CASH RESHMA S LONDHE                       |   2417 |        14000.00 |                 |  7397762.71 Dr. |
 16-Nov-2016 | TO - BALAJI AUTO COMMERCIALV - TO CTSIW CLG   |   2414 |       152000.00 |                 |  7549762.71 Dr. |
 16-Nov-2016 | TO - VINOD SAMPAT - INOD SAMPAT/8000946\2413  |   2413 |         3669.00 |                 |  7553431.71 Dr. |
 19-Nov-2016 | BY CLG BY CLG/100014/99900911/2390/032        | 100014 |                 |        43150.00 |  7510281.71 Dr. |
 19-Nov-2016 | BY CLG BY CLG/768204/99900911/1977/032        | 768204 |                 |        13500.00 |  7496781.71 Dr. |
 19-Nov-2016 | BY CLG BY CLG/113579/99900911/1994/032        | 113579 |                 |        25000.00 |  7471781.71 Dr. |
 19-Nov-2016 | BY SI:10\01\001831                            |        |                 |        12000.00 |  7459781.71 Dr. |
 19-Nov-2016 | TO SI:50/09/5                                 |        |       183500.00 |                 |  7643281.71 Dr. |
 19-Nov-2016 | TO SI:50/09/6                                 |        |       315000.00 |                 |  7958281.71 Dr. |
 19-Nov-2016 | TO SI:50/09/7 SHRI OMSAI COOP CR STY          |        |        18000.00 |                 |  7976281.71 Dr. |
 19-Nov-2016 | TO SI:50/09/7 SHRI OMSAI CR STY               |        |        19400.00 |                 |  7995681.71 Dr. |
 19-Nov-2016 | TO SI:50/09/7 SHRI OMSAI COOP CR STY          |        |         9500.00 |                 |  8005181.71 Dr. |
 19-Nov-2016 | TO SI:50/09/7 SHRI OMSAI COOP CR STY          |        |        29000.00 |                 |  8034181.71 Dr. |
 21-Nov-2016 | TO SI:50/09/08                                |        |        80200.00 |                 |  8114381.71 Dr. |
 21-Nov-2016 | TO SI:50/09/08                                |        |        61100.00 |                 |  8175481.71 Dr. |
 21-Nov-2016 | TO SI:50/09/08 SHRI OM SAI                    |        |        46300.00 |                 |  8221781.71 Dr. |
 21-Nov-2016 | TO SI:50/09/8                                 |        |        55600.00 |                 |  8277381.71 Dr. |
 21-Nov-2016 | TO SI:50/09/08                                |        |        18200.00 |                 |  8295581.71 Dr. |
 21-Nov-2016 | TO - RELIANCE INDIA - INDIA/8000950\2419      |   2419 |         4530.00 |                 |  8300111.71 Dr. |
 21-Nov-2016 | TO - MITESH CHANGADEV MHATRE - TO CTSIW CLG   |   2426 |        90000.00 |                 |  8390111.71 Dr. |
 21-Nov-2016 | TO - KISHORE G KHANNA - TO CTSIW CLG : 80009  |   2420 |       121445.00 |                 |  8511556.71 Dr. |
 21-Nov-2016 | BY TRAN54/11/06/01 SHRI OM SAI COOP CR STY LT |        |                 |       395000.00 |  8116556.71 Dr. |
 22-Nov-2016 | BY CLG BY CLG/311232/99900913/1879/032        | 311232 |                 |         8260.00 |  8108296.71 Dr. |
 22-Nov-2016 | BY CLG BY CLG/876003/99900913/2146/032        | 876003 |                 |        51350.00 |  8056946.71 Dr. |
 22-Nov-2016 | ToBouncing99900913/2146/18 06 000001-876003   |        |         4000.00 |                 |  8060946.71 Dr. |
 22-Nov-2016 | ToFUNDS INSU99900913/2146/1806-876003         |        |          288.00 |                 |  8061234.71 Dr. |
 23-Nov-2016 | BY CLG BY CLG/100016/99900914/2713/032        | 100016 |                 |        25850.00 |  8035384.71 Dr. |
 23-Nov-2016 | BY SI:10\01\001813                            |        |                 |        12000.00 |  8023384.71 Dr. |
 24-Nov-2016 | TO - MTNL - TO CTSIW CLG : 8000953/MTNL/8000  |   2421 |         2688.00 |                 |  8026072.71 Dr. |
-----------------------------------------------------------------------------------------------------------------------------

                             MUMBAI DISTRICT CENTRAL CO-OP. BANK LTD.,0054-CHEMBUR COLONY BRANCH                             
              Om Sai Co-Op Credit Society Ltd, Shop No 4 AC,1247 School, Near Golf Club,Chembur ,Mumbai-400074               

Current Date  :13-Feb-2017                                                                                  UserId : REPORT54
Time : 13:04:04 PM                                                                                               Page :42 / 47
                                                    Statement Of Account                                                     
                                              From  01-Apr-2015  to  13-Feb-2017                                             

   Accountno :00541806000001
   Name: SHRI OM SAI COOP CR STY LTD
   Address :4 AC 1247 NEAR DUDHESHWAR MANDIR
   NEAR NATIONAL SARVODAYA HIGHSCHOOL,,DR.C.G.ROAD, CHEMBUR COLONY
   MUMBAI - 400074
   Limit:9630000                                 INR
   Joint Holder:
=============================================================================================================================
 Trans. Date | Particulars                                   | InstNo |      Debit Amt. |     Credit Amt. |         Balance |
=============================================================================================================================
 Opening Bal |                                                                                               8026072.71 Dr. |
 25-Nov-2016 | BY CLG BY CLG/100017/99900916/2382/032        | 100017 |                 |        37850.00 |  7988222.71 Dr. |
 25-Nov-2016 | BY CLG BY CLG/541669/99900916/2425/032        | 541669 |                 |        17000.00 |  7971222.71 Dr. |
 25-Nov-2016 | TO - THAKUR HEMALATA KUSHASH - TO CTSIW CLG   |   2424 |        30000.00 |                 |  8001222.71 Dr. |
 25-Nov-2016 | TO - THAKUR HEMALATA KUSHASH - TO CTSIW CLG   |   2425 |        36272.00 |                 |  8037494.71 Dr. |
 25-Nov-2016 | TO CASH JAGDISH T PANVALKAR                   |   2427 |        18992.00 |                 |  8056486.71 Dr. |
 25-Nov-2016 | ToBouncing99900916/2382/18 06 000001-100017   |        |        37850.00 |                 |  8094336.71 Dr. |
 28-Nov-2016 | TO TRA 10/01/568 SAJAN M GHANSHAM~10/01/00056 |   2428 |        29836.00 |                 |  8124172.71 Dr. |
 28-Nov-2016 | BY CLG BY CLG/7/99900917/583/032              |      7 |                 |        39705.00 |  8084467.71 Dr. |
 28-Nov-2016 | BY CLG BY CLG/541670/99900917/584/032         | 541670 |                 |        16000.00 |  8068467.71 Dr. |
 29-Nov-2016 | BY CLG BY CLG/12641/99900918/330/032          |  12641 |                 |         4000.00 |  8064467.71 Dr. |
 29-Nov-2016 | BY CLG BY CLG/12643/99900918/328/032          |  12643 |                 |         4000.00 |  8060467.71 Dr. |
 29-Nov-2016 | BY CLG BY CLG/73947/99900918/307/032          |  73947 |                 |        15240.00 |  8045227.71 Dr. |
 29-Nov-2016 | BY CLG BY CLG/12642/99900918/329/032          |  12642 |                 |         4000.00 |  8041227.71 Dr. |
 29-Nov-2016 | BY CLG BY CLG/876003/99900918/320/032         | 876003 |                 |         4000.00 |  8037227.71 Dr. |
 29-Nov-2016 | BY TRANSFER BRANCH RENTNOV 2016~99/02/005640/ |        |                 |        55000.00 |  7982227.71 Dr. |
 29-Nov-2016 | TO TRANSFER BRANCH RENT TDS NOV 2016~99/01/00 |        |         5500.00 |                 |  7987727.71 Dr. |
 29-Nov-2016 | TO TRA 10/01/538 SAKHRANI MANISH P~10/01/0005 |   2431 |        52000.00 |                 |  8039727.71 Dr. |
 29-Nov-2016 | TO CASH MOHINDER SINGH H MACHARA              |   2430 |        10000.00 |                 |  8049727.71 Dr. |
 29-Nov-2016 | TO TR 11/06/90 SHREE OM SAI~11/06/000090/0027 |   2433 |        45000.00 |                 |  8094727.71 Dr. |
 29-Nov-2016 | TO TRA 11/06/1~11/06/000001/0054              |   2432 |        45000.00 |                 |  8139727.71 Dr. |
 29-Nov-2016 | TO CASH JITESNRA B BEELMUTHA                  |   2429 |        20000.00 |                 |  8159727.71 Dr. |
 30-Nov-2016 | BY CLG BY CLG/100019/99900919/292/032         | 100019 |                 |        85300.00 |  8074427.71 Dr. |
 30-Nov-2016 | BY CLG BY CLG/100018/99900919/3572/032        | 100018 |                 |        15900.00 |  8058527.71 Dr. |
 30-Nov-2016 | TO INTEREST NORMAL(DEBIT) PRODUC              |        |        52459.00 |                 |  8110986.71 Dr. |
 01-Dec-2016 | TO TRA DUE TO FAIL CLG~99/01/001200/0054      |        |        15240.00 |                 |  8126226.71 Dr. |
 01-Dec-2016 | TO TRA DUE TO FAIL CLG~99/01/001200/0054      |        |         4000.00 |                 |  8130226.71 Dr. |
 01-Dec-2016 | TO TRA DUE TO FAIL CLG~99/01/001200/0054      |        |         4000.00 |                 |  8134226.71 Dr. |
 01-Dec-2016 | TO TRA DUE TO FAIL CLG~99/01/001200/0054      |        |         4000.00 |                 |  8138226.71 Dr. |
 01-Dec-2016 | TO TRA DUE TO FAIL CLG~99/01/001200/0054      |        |         4000.00 |                 |  8142226.71 Dr. |
 01-Dec-2016 | BY CLG BY CLG/638847/99900920/2747/032        | 638847 |                 |         2500.00 |  8139726.71 Dr. |
 01-Dec-2016 | BY TR 10/01/1862,1864,1757,1285~10/01/001862/ |        |                 |        52800.00 |  8086926.71 Dr. |
 01-Dec-2016 | BY TR 10/01/1909,1831~10/01/001909/0054       |        |                 |        24000.00 |  8062926.71 Dr. |
 02-Dec-2016 | BY SI:10\01\001681                            |        |                 |         9000.00 |  8053926.71 Dr. |
 02-Dec-2016 | BY SI:10\01\001910                            |        |                 |         8200.00 |  8045726.71 Dr. |
 02-Dec-2016 | BY SI:10\01\001911                            |        |                 |        11000.00 |  8034726.71 Dr. |
 02-Dec-2016 | BY SI:10\01\001907                            |        |                 |         7000.00 |  8027726.71 Dr. |
 02-Dec-2016 | BY SI:10\01\001914                            |        |                 |         3500.00 |  8024226.71 Dr. |
 03-Dec-2016 | BY TR 11/06/1 SHREE OM SAI COOP CR STY~11/06/ |        |                 |       310000.00 |  7714226.71 Dr. |
 03-Dec-2016 | BY CLG BY CLG/12641/99900922/764/032          |  12641 |                 |         4000.00 |  7710226.71 Dr. |
 03-Dec-2016 | BY CLG BY CLG/541673/99900922/2322/032        | 541673 |                 |        30000.00 |  7680226.71 Dr. |
 03-Dec-2016 | BY CLG BY CLG/987276/99900922/2336/032        | 987276 |                 |        16000.00 |  7664226.71 Dr. |
 03-Dec-2016 | BY CLG BY CLG/12643/99900922/759/032          |  12643 |                 |         4000.00 |  7660226.71 Dr. |
 03-Dec-2016 | BY CLG BY CLG/12642/99900922/761/032          |  12642 |                 |         4000.00 |  7656226.71 Dr. |
 03-Dec-2016 | BY CLG BY CLG/100021/99900922/2598/032        | 100021 |                 |        39150.00 |  7617076.71 Dr. |
 03-Dec-2016 | BY CLG BY CLG/73947/99900922/732/032          |  73947 |                 |        15240.00 |  7601836.71 Dr. |
 03-Dec-2016 | BY CLG BY CLG/876003/99900922/751/032         | 876003 |                 |         4000.00 |  7597836.71 Dr. |
 03-Dec-2016 | TO - 000011PERFECT INFOTECH - INFOTECH/80009  |   2418 |        16500.00 |                 |  7614336.71 Dr. |
 05-Dec-2016 | BY CLG BY CLG/16/99900923/2339/032            |     16 |                 |       200000.00 |  7414336.71 Dr. |
-----------------------------------------------------------------------------------------------------------------------------

                             MUMBAI DISTRICT CENTRAL CO-OP. BANK LTD.,0054-CHEMBUR COLONY BRANCH                             
              Om Sai Co-Op Credit Society Ltd, Shop No 4 AC,1247 School, Near Golf Club,Chembur ,Mumbai-400074               

Current Date  :13-Feb-2017                                                                                  UserId : REPORT54
Time : 13:04:04 PM                                                                                               Page :43 / 47
                                                    Statement Of Account                                                     
                                              From  01-Apr-2015  to  13-Feb-2017                                             

   Accountno :00541806000001
   Name: SHRI OM SAI COOP CR STY LTD
   Address :4 AC 1247 NEAR DUDHESHWAR MANDIR
   NEAR NATIONAL SARVODAYA HIGHSCHOOL,,DR.C.G.ROAD, CHEMBUR COLONY
   MUMBAI - 400074
   Limit:9630000                                 INR
   Joint Holder:
=============================================================================================================================
 Trans. Date | Particulars                                   | InstNo |      Debit Amt. |     Credit Amt. |         Balance |
=============================================================================================================================
 Opening Bal |                                                                                               7414336.71 Dr. |
 05-Dec-2016 | BY SI:10\01\001813                            |        |                 |        12000.00 |  7402336.71 Dr. |
 05-Dec-2016 | BY SI:10\01\001828                            |        |                 |        11000.00 |  7391336.71 Dr. |
 06-Dec-2016 | BY CLG BY CLG/999780/99900924/2672/032        | 999780 |                 |        11000.00 |  7380336.71 Dr. |
 06-Dec-2016 | TO CASH S M ADSUL                             |   2438 |        42000.00 |                 |  7422336.71 Dr. |
 07-Dec-2016 | BY CLG BY CLG/108898/99900925/378/032         | 108898 |                 |        57300.00 |  7365036.71 Dr. |
 07-Dec-2016 | BY ECS TR H O A/C SHRI KISHAN WAGHELA~99/01/0 |        |                 |         3500.00 |  7361536.71 Dr. |
 07-Dec-2016 | BY ECS TR H O A/C MRS KHRAT SUNITA~99/01/0012 |        |                 |        12000.00 |  7349536.71 Dr. |
 07-Dec-2016 | BY SI:10\01\001854                            |        |                 |        12000.00 |  7337536.71 Dr. |
 08-Dec-2016 | BY SI:10\01\001681                            |        |                 |         9000.00 |  7328536.71 Dr. |
 08-Dec-2016 | BY CLG BY CLG/73948/99900926/789/032          |  73948 |                 |         3810.00 |  7324726.71 Dr. |
 08-Dec-2016 | BY TRANSFER 10/01/1681 KAMBLE GANPAT~10/01/00 |        |                 |        24000.00 |  7300726.71 Dr. |
 08-Dec-2016 | TO - MOHANPUNJABI - TO CTSIW CLG : 8000964/M  |   2435 |        94284.00 |                 |  7395010.71 Dr. |
 08-Dec-2016 | TO - RELIANCE INFRASTRUCTURE - INFRASTRUCTUR  |   2437 |         6240.00 |                 |  7401250.71 Dr. |
 09-Dec-2016 | BY CLG BY CLG/1776/99900927/2387/032          |   1776 |                 |        39482.00 |  7361768.71 Dr. |
 09-Dec-2016 | BY CLG BY CLG/689143/99900927/2421/032        | 689143 |                 |         6257.00 |  7355511.71 Dr. |
 09-Dec-2016 | BY CLG BY CLG/100028/99900927/2451/032        | 100028 |                 |        35850.00 |  7319661.71 Dr. |
 09-Dec-2016 | TO - REKHA NARAYAN SHINDE - INDE/8000965\243  |   2436 |        31435.00 |                 |  7351096.71 Dr. |
 12-Dec-2016 | BY CLG BY CLG/237407/99900928/532/032         | 237407 |                 |         2280.00 |  7348816.71 Dr. |
 13-Dec-2016 | TO  LOAN INT TR 50/17/5 TO 50/17/8~50/17/0000 |        |       288252.00 |                 |  7637068.71 Dr. |
 14-Dec-2016 | BY CLG BY CLG/230281/99900929/3148/032        | 230281 |                 |        54600.00 |  7582468.71 Dr. |
 15-Dec-2016 | BY CLG BY CLG/74705/99900930/4264/032         |  74705 |                 |        37500.00 |  7544968.71 Dr. |
 15-Dec-2016 | TO CASH SHANTABAI M MARU                      |   2442 |        44700.00 |                 |  7589668.71 Dr. |
 15-Dec-2016 | BY TRA HO ADV DEC 16 KUMAR NALLU RAM SWAMI~99 |        |                 |        12000.00 |  7577668.71 Dr. |
 16-Dec-2016 | BY CLG BY CLG/644637/99900931/3517/032        | 644637 |                 |        13000.00 |  7564668.71 Dr. |
 16-Dec-2016 | BY CLG BY CLG/100027/99900931/3508/032        | 100027 |                 |        31700.00 |  7532968.71 Dr. |
 16-Dec-2016 | BY CLG BY CLG/166601/99900931/3173/032        | 166601 |                 |         6500.00 |  7526468.71 Dr. |
 16-Dec-2016 | TO - MR   RAJUSTH SURESH R - TO CTSIW CLG :   |   2440 |       100000.00 |                 |  7626468.71 Dr. |
 17-Dec-2016 | BY CLG BY CLG/669872/99900932/2786/032        | 669872 |                 |         6500.00 |  7619968.71 Dr. |
 17-Dec-2016 | BY CLG BY CLG/121690/99900932/2765/032        | 121690 |                 |        69146.00 |  7550822.71 Dr. |
 17-Dec-2016 | BY TRA ECS HO ADV SWATA B YADAV~99/01/001200/ |        |                 |        33294.00 |  7517528.71 Dr. |
 17-Dec-2016 | BY TRA ECS HO ADV BHAUSAN M YADAV~99/01/00120 |        |                 |        33294.00 |  7484234.71 Dr. |
 19-Dec-2016 | TO SI:50/09/5                                 |        |       183500.00 |                 |  7667734.71 Dr. |
 19-Dec-2016 | TO SI:50/09/6                                 |        |       315000.00 |                 |  7982734.71 Dr. |
 19-Dec-2016 | TO SI:50/09/7 SHRI OMSAI COOP CR STY          |        |        18000.00 |                 |  8000734.71 Dr. |
 19-Dec-2016 | TO SI:50/09/7 SHRI OMSAI CR STY               |        |        19400.00 |                 |  8020134.71 Dr. |
 19-Dec-2016 | TO SI:50/09/7 SHRI OMSAI COOP CR STY          |        |         9500.00 |                 |  8029634.71 Dr. |
 19-Dec-2016 | TO SI:50/09/7 SHRI OMSAI COOP CR STY          |        |        29000.00 |                 |  8058634.71 Dr. |
 20-Dec-2016 | BY:60/10/000022:TD INT CREDIT                 |        |                 |         3474.00 |  8055160.71 Dr. |
 20-Dec-2016 | BY CLG BY CLG/100023/99900934/2350/032        | 100023 |                 |        31800.00 |  8023360.71 Dr. |
 20-Dec-2016 | BY CLG /106/99900934/2361/032                 |    106 |                 |        12500.00 |  8010860.71 Dr. |
 20-Dec-2016 | TO SI:50/09/08 SHRI OM SAI                    |        |        46300.00 |                 |  8057160.71 Dr. |
 20-Dec-2016 | TO SI:50/09/8                                 |        |        55600.00 |                 |  8112760.71 Dr. |
 20-Dec-2016 | TO SI:50/09/08                                |        |        18200.00 |                 |  8130960.71 Dr. |
 20-Dec-2016 | TO SI:50/09/08                                |        |        80200.00 |                 |  8211160.71 Dr. |
 20-Dec-2016 | TO SI:50/09/08                                |        |        61100.00 |                 |  8272260.71 Dr. |
 21-Dec-2016 | BY CLG BY CLG/690628/99900935/3003/032        | 690628 |                 |        20500.00 |  8251760.71 Dr. |
 22-Dec-2016 | BY TRANSFER BRANCH RENT DEC16~99/02/005640/00 |        |                 |        55000.00 |  8196760.71 Dr. |
 22-Dec-2016 | TO TRANSFER RENT TDS DEC-16~99/01/002220/0054 |        |         5500.00 |                 |  8202260.71 Dr. |
-----------------------------------------------------------------------------------------------------------------------------

                             MUMBAI DISTRICT CENTRAL CO-OP. BANK LTD.,0054-CHEMBUR COLONY BRANCH                             
              Om Sai Co-Op Credit Society Ltd, Shop No 4 AC,1247 School, Near Golf Club,Chembur ,Mumbai-400074               

Current Date  :13-Feb-2017                                                                                  UserId : REPORT54
Time : 13:04:04 PM                                                                                               Page :44 / 47
                                                    Statement Of Account                                                     
                                              From  01-Apr-2015  to  13-Feb-2017                                             

   Accountno :00541806000001
   Name: SHRI OM SAI COOP CR STY LTD
   Address :4 AC 1247 NEAR DUDHESHWAR MANDIR
   NEAR NATIONAL SARVODAYA HIGHSCHOOL,,DR.C.G.ROAD, CHEMBUR COLONY
   MUMBAI - 400074
   Limit:9630000                                 INR
   Joint Holder:
=============================================================================================================================
 Trans. Date | Particulars                                   | InstNo |      Debit Amt. |     Credit Amt. |         Balance |
=============================================================================================================================
 Opening Bal |                                                                                               8202260.71 Dr. |
 22-Dec-2016 | TO - RAKESHKUMARS - TO CTSIW CLG : 8000975/R  |   2443 |        27283.00 |                 |  8229543.71 Dr. |
 22-Dec-2016 | TO - SHRIMANKAR JYOTSANA - TO CTSIW CLG : 80  |   2449 |        15814.00 |                 |  8245357.71 Dr. |
 22-Dec-2016 | BY CASH                                       |        |                 |         6000.00 |  8239357.71 Dr. |
 23-Dec-2016 | BY CLG BY CLG/579321/99900937/2256/032        | 579321 |                 |        18600.00 |  8220757.71 Dr. |
 23-Dec-2016 | BY TRAN54/11/06/01 SHRI OM SAI COOP CR STY LT |        |                 |      1000000.00 |  7220757.71 Dr. |
 26-Dec-2016 | BY CLG BY CLG/230283/99900938/2019/032        | 230283 |                 |        10000.00 |  7210757.71 Dr. |
 26-Dec-2016 | BY TRA 10/01/1813 SUPRIYA GAIKWAD~10/01/00181 |        |                 |         6000.00 |  7204757.71 Dr. |
 26-Dec-2016 | TO - MOHAMED RAFIK QURESHI - TO CTSIW CLG :   |   2447 |        39720.00 |                 |  7244477.71 Dr. |
 26-Dec-2016 | BY CASH                                       |        |                 |        24000.00 |  7220477.71 Dr. |
 27-Dec-2016 | TO CASH SHANTABAI M MARU                      |   2603 |        48000.00 |                 |  7268477.71 Dr. |
 27-Dec-2016 | BY CLG BY CLG/100054/99900939/2470/032        | 100054 |                 |         4000.00 |  7264477.71 Dr. |
 27-Dec-2016 | TO - MANMODE V B - TO CTSIW CLG : 8000978/MA  |   2602 |        16931.00 |                 |  7281408.71 Dr. |
 28-Dec-2016 | BY CLG BY CLG/100024/99900940/852/032         | 100024 |                 |        14950.00 |  7266458.71 Dr. |
 28-Dec-2016 | BY TRA 30/11/06/01 SHRI OMSAI CO OP CR SOC    |        |                 |       350000.00 |  6916458.71 Dr. |
 29-Dec-2016 | BY CLG BY CLG/652983/99900941/621/032         | 652983 |                 |        26000.00 |  6890458.71 Dr. |
 29-Dec-2016 | BY CLG BY CLG/620/99900941/618/032            |    620 |                 |        19701.00 |  6870757.71 Dr. |
 29-Dec-2016 | BY CLG BY CLG/113650/99900941/2560/032        | 113650 |                 |        15000.00 |  6855757.71 Dr. |
 30-Dec-2016 | BY CLG BY CLG/59402/99900942/2324/032         |  59402 |                 |        12000.00 |  6843757.71 Dr. |
 30-Dec-2016 | TO - SAWANT SANTOSH RAMCHAND - TO CTSIW CLG   |   2601 |        42328.00 |                 |  6886085.71 Dr. |
 31-Dec-2016 | BY:60/10/000024:TD INT CREDIT                 |        |                 |         2600.00 |  6883485.71 Dr. |
 31-Dec-2016 | BY:60/10/000025:TD INT CREDIT                 |        |                 |         5301.00 |  6878184.71 Dr. |
 31-Dec-2016 | BY:60/10/000026:TD INT CREDIT                 |        |                 |         6000.00 |  6872184.71 Dr. |
 31-Dec-2016 | BY:60/10/000027:TD INT CREDIT                 |        |                 |         2325.00 |  6869859.71 Dr. |
 31-Dec-2016 | BY:60/10/000028:TD INT CREDIT                 |        |                 |         3875.00 |  6865984.71 Dr. |
 31-Dec-2016 | BY:60/10/000029:TD INT CREDIT                 |        |                 |         9688.00 |  6856296.71 Dr. |
 31-Dec-2016 | BY:60/10/000030:TD INT CREDIT                 |        |                 |        15500.00 |  6840796.71 Dr. |
 31-Dec-2016 | BY:60/10/000031:TD INT CREDIT                 |        |                 |         1938.00 |  6838858.71 Dr. |
 31-Dec-2016 | BY:60/10/000033:TD INT CREDIT                 |        |                 |         2935.00 |  6835923.71 Dr. |
 31-Dec-2016 | BY:60/10/000034:TD INT CREDIT                 |        |                 |          710.00 |  6835213.71 Dr. |
 31-Dec-2016 | BY:60/10/000035:TD INT CREDIT                 |        |                 |         2421.00 |  6832792.71 Dr. |
 31-Dec-2016 | BY:60/10/000036:TD INT CREDIT                 |        |                 |          480.00 |  6832312.71 Dr. |
 31-Dec-2016 | BY:60/11/000027:TD INT CREDIT                 |        |                 |         1600.00 |  6830712.71 Dr. |
 31-Dec-2016 | BY:60/11/000028:TD INT CREDIT                 |        |                 |          120.00 |  6830592.71 Dr. |
 31-Dec-2016 | BY:60/11/000029:TD INT CREDIT                 |        |                 |         2000.00 |  6828592.71 Dr. |
 31-Dec-2016 | BY:60/11/000030:TD INT CREDIT                 |        |                 |         1600.00 |  6826992.71 Dr. |
 31-Dec-2016 | BY:60/11/000031:TD INT CREDIT                 |        |                 |          160.00 |  6826832.71 Dr. |
 31-Dec-2016 | BY:60/11/000034:TD INT CREDIT                 |        |                 |          100.00 |  6826732.71 Dr. |
 31-Dec-2016 | BY:60/11/000035:TD INT CREDIT                 |        |                 |          194.00 |  6826538.71 Dr. |
 31-Dec-2016 | BY:60/11/000036:TD INT CREDIT                 |        |                 |         3100.00 |  6823438.71 Dr. |
 31-Dec-2016 | BY:60/11/000037:TD INT CREDIT                 |        |                 |          165.00 |  6823273.71 Dr. |
 31-Dec-2016 | BY:60/12/000261:TD INT CREDIT                 |        |                 |        33906.00 |  6789367.71 Dr. |
 31-Dec-2016 | BY:60/12/000262:TD INT CREDIT                 |        |                 |         1938.00 |  6787429.71 Dr. |
 31-Dec-2016 | BY:60/12/000264:TD INT CREDIT                 |        |                 |         3875.00 |  6783554.71 Dr. |
 31-Dec-2016 | BY:60/12/000275:TD INT CREDIT                 |        |                 |          323.00 |  6783231.71 Dr. |
 31-Dec-2016 | TO INTEREST NORMAL(DEBIT) PRODUC              |        |        49893.00 |                 |  6833124.71 Dr. |
 02-Jan-2017 | BY SI:10\01\001911                            |        |                 |        11000.00 |  6822124.71 Dr. |
 03-Jan-2017 | BY SI:10\01\001910                            |        |                 |         8200.00 |  6813924.71 Dr. |
 03-Jan-2017 | BY SI:10\01\001285                            |        |                 |        15000.00 |  6798924.71 Dr. |
-----------------------------------------------------------------------------------------------------------------------------

                             MUMBAI DISTRICT CENTRAL CO-OP. BANK LTD.,0054-CHEMBUR COLONY BRANCH                             
              Om Sai Co-Op Credit Society Ltd, Shop No 4 AC,1247 School, Near Golf Club,Chembur ,Mumbai-400074               

Current Date  :13-Feb-2017                                                                                  UserId : REPORT54
Time : 13:04:04 PM                                                                                               Page :45 / 47
                                                    Statement Of Account                                                     
                                              From  01-Apr-2015  to  13-Feb-2017                                             

   Accountno :00541806000001
   Name: SHRI OM SAI COOP CR STY LTD
   Address :4 AC 1247 NEAR DUDHESHWAR MANDIR
   NEAR NATIONAL SARVODAYA HIGHSCHOOL,,DR.C.G.ROAD, CHEMBUR COLONY
   MUMBAI - 400074
   Limit:9630000                                 INR
   Joint Holder:
=============================================================================================================================
 Trans. Date | Particulars                                   | InstNo |      Debit Amt. |     Credit Amt. |         Balance |
=============================================================================================================================
 Opening Bal |                                                                                               6798924.71 Dr. |
 03-Jan-2017 | BY SI:10\01\001831                            |        |                 |        12000.00 |  6786924.71 Dr. |
 03-Jan-2017 | BY SI:10\01\001862                            |        |                 |        10000.00 |  6776924.71 Dr. |
 03-Jan-2017 | BY SI:10\01\001907                            |        |                 |         7000.00 |  6769924.71 Dr. |
 03-Jan-2017 | BY SI:10\01\001914                            |        |                 |         3500.00 |  6766424.71 Dr. |
 03-Jan-2017 | BY SI:10\01\001909                            |        |                 |         8600.00 |  6757824.71 Dr. |
 03-Jan-2017 | TO CASH HARUJ YAKUB KHAN                      |   2607 |        47000.00 |                 |  6804824.71 Dr. |
 03-Jan-2017 | TO TR 10/01/1923 BHARTI SALVE~10/01/001923/00 |   2608 |       200000.00 |                 |  7004824.71 Dr. |
 03-Jan-2017 | BY TR 10/01/1757,1866,1828,1864 VERIOUS A/C~1 |        |                 |        29600.00 |  6975224.71 Dr. |
 03-Jan-2017 | BY TRA 10/01/1923 BHARTI SALVE~10/01/001923/0 |        |                 |        36000.00 |  6939224.71 Dr. |
 04-Jan-2017 | BY TRA 11/06/01 SHRI OM SAI CO OP CR SOC~11/0 |        |                 |       505000.00 |  6434224.71 Dr. |
 04-Jan-2017 | TO TR 10/01/548 M A SHAIKH~10/01/000548/0054  |   2610 |        52649.00 |                 |  6486873.71 Dr. |
 05-Jan-2017 | BY:60/11/000027:TD INT CREDIT                 |        |                 |           75.00 |  6486798.71 Dr. |
 05-Jan-2017 | BY TRA 10/01/1909 UMESH SALVE~10/01/001909/00 |        |                 |         4500.00 |  6482298.71 Dr. |
 05-Jan-2017 | BY CASH~10/06/000001/0054                     |        |                 |        10000.00 |  6472298.71 Dr. |
 05-Jan-2017 | BY CLG BY CLG/70384/99900947/2415/032         |  70384 |                 |         5000.00 |  6467298.71 Dr. |
 06-Jan-2017 | BY CLG BY CLG/9570/99900948/2179/032          |   9570 |                 |        85000.00 |  6382298.71 Dr. |
 06-Jan-2017 | BY SI:10\01\001829                            |        |                 |        12000.00 |  6370298.71 Dr. |
 07-Jan-2017 | BY CLG BY CLG/121719/99900949/2394/032        | 121719 |                 |         9165.00 |  6361133.71 Dr. |
 07-Jan-2017 | TO - PRASHANT SHAMRAO SONAWA - TO CTSIW CLG   |   2612 |        22966.00 |                 |  6384099.71 Dr. |
 07-Jan-2017 | TO - SHRIPAL P SHAH - TO CTSIW CLG : 8000988  |   2613 |        71621.00 |                 |  6455720.71 Dr. |
 07-Jan-2017 | BY SI:10\01\001854                            |        |                 |        12000.00 |  6443720.71 Dr. |
 07-Jan-2017 | BY ECS TR 99/01/1200 H O KISHAN D WAGHEL~99/0 |        |                 |         3500.00 |  6440220.71 Dr. |
 07-Jan-2017 | BY ECS TR 99/01/1200 H O MRS SUNITA U KHARAT~ |        |                 |        12000.00 |  6428220.71 Dr. |
 09-Jan-2017 | BY CLG BY CLG/689153/99900950/2357/032        | 689153 |                 |         7973.00 |  6420247.71 Dr. |
 09-Jan-2017 | BY CLG BY CLG/1805/99900950/2368/032          |   1805 |                 |        35591.00 |  6384656.71 Dr. |
 09-Jan-2017 | BY CLG BY CLG/749937/99900950/2169/032        | 749937 |                 |        36000.00 |  6348656.71 Dr. |
 09-Jan-2017 | TO TRA50/17/05/ 06 /07/ 08~50/17/000005/0054  |        |       289478.00 |                 |  6638134.71 Dr. |
 11-Jan-2017 | TO CASH KISHOR KENI                           |   2616 |        33781.00 |                 |  6671915.71 Dr. |
 12-Jan-2017 | BY TR 11/06/1 OM SAI COOP CR STY~11/06/000001 |        |                 |       275000.00 |  6396915.71 Dr. |
 12-Jan-2017 | BY ECS TR H O KUMAR NALLU RAMSWAMI~99/01/0012 |        |                 |        12000.00 |  6384915.71 Dr. |
 12-Jan-2017 | BY CASH                                       |        |                 |       100000.00 |  6284915.71 Dr. |
 12-Jan-2017 | BY CASH                                       |        |                 |       100000.00 |  6184915.71 Dr. |
 13-Jan-2017 | BY CLG BY CLG/113677/99900954/2240/032        | 113677 |                 |         9500.00 |  6175415.71 Dr. |
 13-Jan-2017 | BY CLG BY CLG/116573/99900954/34/032          | 116573 |                 |       100000.00 |  6075415.71 Dr. |
 13-Jan-2017 | TO - CHANDRAKANT JANARDEN KA - TO CTSIW CLG   |   2617 |        70000.00 |                 |  6145415.71 Dr. |
 13-Jan-2017 | TO - UNION TERRITORY INDEPEN - INDEPE/800099  |   2611 |         5000.00 |                 |  6150415.71 Dr. |
 16-Jan-2017 | BY TRAN 54/11/06/01 OM SAI CO OPP CR~11/06/00 |        |                 |       900000.00 |  5250415.71 Dr. |
 16-Jan-2017 | TO CASH RIYAJ MEHBOOB NADAF                   |   2623 |        50000.00 |                 |  5300415.71 Dr. |
 18-Jan-2017 | TO TRANEFT SURESH G MORE-RTGS/99/01/001703/00 |   2625 |       155734.00 |                 |  5456149.71 Dr. |
 18-Jan-2017 | TO NEFT CHARGES-RTGS/99/01/001703/0054        |        |           17.00 |                 |  5456166.71 Dr. |
 18-Jan-2017 | BY ECS TR HO A/C MRS SWETA B YADAV~99/01/0012 |        |                 |        33294.00 |  5422872.71 Dr. |
 18-Jan-2017 | BY ECS TR H O A/C BHUSHAN M YADAV~99/01/00120 |        |                 |        33294.00 |  5389578.71 Dr. |
 18-Jan-2017 | BY CLG BY CLG/547676/99900957/4116/032        | 547676 |                 |        72000.00 |  5317578.71 Dr. |
 19-Jan-2017 | TO SI:50/09/5                                 |        |       183500.00 |                 |  5501078.71 Dr. |
 19-Jan-2017 | TO SI:50/09/6                                 |        |       315000.00 |                 |  5816078.71 Dr. |
 19-Jan-2017 | TO SI:50/09/7 SHRI OMSAI COOP CR STY          |        |        18000.00 |                 |  5834078.71 Dr. |
 19-Jan-2017 | TO SI:50/09/7 SHRI OMSAI CR STY               |        |        19400.00 |                 |  5853478.71 Dr. |
 19-Jan-2017 | TO SI:50/09/7 SHRI OMSAI COOP CR STY          |        |         9500.00 |                 |  5862978.71 Dr. |
-----------------------------------------------------------------------------------------------------------------------------

                             MUMBAI DISTRICT CENTRAL CO-OP. BANK LTD.,0054-CHEMBUR COLONY BRANCH                             
              Om Sai Co-Op Credit Society Ltd, Shop No 4 AC,1247 School, Near Golf Club,Chembur ,Mumbai-400074               

Current Date  :13-Feb-2017                                                                                  UserId : REPORT54
Time : 13:04:04 PM                                                                                               Page :46 / 47
                                                    Statement Of Account                                                     
                                              From  01-Apr-2015  to  13-Feb-2017                                             

   Accountno :00541806000001
   Name: SHRI OM SAI COOP CR STY LTD
   Address :4 AC 1247 NEAR DUDHESHWAR MANDIR
   NEAR NATIONAL SARVODAYA HIGHSCHOOL,,DR.C.G.ROAD, CHEMBUR COLONY
   MUMBAI - 400074
   Limit:9630000                                 INR
   Joint Holder:
=============================================================================================================================
 Trans. Date | Particulars                                   | InstNo |      Debit Amt. |     Credit Amt. |         Balance |
=============================================================================================================================
 Opening Bal |                                                                                               5862978.71 Dr. |
 19-Jan-2017 | TO SI:50/09/7 SHRI OMSAI COOP CR STY          |        |        29000.00 |                 |  5891978.71 Dr. |
 20-Jan-2017 | TO CASH RAMDAS KONDIBA SHINDE                 |   2627 |        23000.00 |                 |  5914978.71 Dr. |
 20-Jan-2017 | TO SI:50/09/08 SHRI OM SAI                    |        |        46300.00 |                 |  5961278.71 Dr. |
 20-Jan-2017 | TO SI:50/09/8                                 |        |        55600.00 |                 |  6016878.71 Dr. |
 20-Jan-2017 | TO SI:50/09/08                                |        |        18200.00 |                 |  6035078.71 Dr. |
 20-Jan-2017 | TO SI:50/09/08                                |        |        80200.00 |                 |  6115278.71 Dr. |
 20-Jan-2017 | TO SI:50/09/08                                |        |        61100.00 |                 |  6176378.71 Dr. |
 20-Jan-2017 | BY CASH                                       |        |                 |        23000.00 |  6153378.71 Dr. |
 20-Jan-2017 | TO - YADAV AKHILESH KUMAR VI - TO CTSIW CLG   |   2624 |       171008.00 |                 |  6324386.71 Dr. |
 21-Jan-2017 | BY CLG BY CLG/108/99900960/2069/032           |    108 |                 |        12500.00 |  6311886.71 Dr. |
 21-Jan-2017 | TO - RIYAJ  MEHBOOB NADAF - TO CTSIW CLG : 8  |   2622 |       217000.00 |                 |  6528886.71 Dr. |
 21-Jan-2017 | TO - GHADAGE USHA SHIVAJI - TO CTSIW CLG : 8  |   2619 |        65000.00 |                 |  6593886.71 Dr. |
 21-Jan-2017 | TO - ASLAM ABDUL QURESHI - TO CTSIW CLG : 80  |   2620 |        65028.00 |                 |  6658914.71 Dr. |
 23-Jan-2017 | BY CLG BY CLG/1783/99900961/2053/032          |   1783 |                 |         2680.00 |  6656234.71 Dr. |
 23-Jan-2017 | TO TRA05/18/06/47 DIRBADEVI SAH PATH BHOSALE~ |   2632 |       162000.00 |                 |  6818234.71 Dr. |
 23-Jan-2017 | TO CASH RAMLAL S BIND                         |   2629 |        50000.00 |                 |  6868234.71 Dr. |
 23-Jan-2017 | BY CASH                                       |        |                 |        50000.00 |  6818234.71 Dr. |
 24-Jan-2017 | BY TRA 30/11/06/12 OMSAI CO OPP CR SO~11/0    |        |                 |       200000.00 |  6618234.71 Dr. |
 24-Jan-2017 | TO - SACHIN  SITARAM SAWANT - IN  SITARAM SA  |   2631 |       477500.00 |                 |  7095734.71 Dr. |
 24-Jan-2017 | BY TRA 54/10/01/1830 DURASWAMI~10/01/001830/0 |        |                 |         7000.00 |  7088734.71 Dr. |
 25-Jan-2017 | BY TRAN54/11/06/01 SHRI OM SAI COOP CR STY LT |        |                 |       800000.00 |  6288734.71 Dr. |
 25-Jan-2017 | TO - MR   GUPTA ASHOK GULABC - TO CTSIW CLG   |   2634 |       244910.00 |                 |  6533644.71 Dr. |
 30-Jan-2017 | BY TRANSFER BRANCH RENTJAN-2017~99/02/005640/ |        |                 |        55000.00 |  6478644.71 Dr. |
 30-Jan-2017 | TO - BHOSLE SANJEEV MOHAN - TO CTSIW CLG : 8  |   2633 |       107077.00 |                 |  6585721.71 Dr. |
 30-Jan-2017 | TO TRA BRANCH RENT TDS 99/01/2220~99/01/00222 |        |         5500.00 |                 |  6591221.71 Dr. |
 31-Jan-2017 | BY CLG BY CLG/29953/99900966/2458/032         |  29953 |                 |         6500.00 |  6584721.71 Dr. |
 31-Jan-2017 | TO CASH ANIL VINAYAK R                        |   2638 |        60000.00 |                 |  6644721.71 Dr. |
 31-Jan-2017 | TO CASH PANDURANG B WAGHAMARE                 |   2639 |        40000.00 |                 |  6684721.71 Dr. |
 31-Jan-2017 | TO INTEREST NORMAL(DEBIT) PRODUC              |        |        41322.00 |                 |  6726043.71 Dr. |
 01-Feb-2017 | BY TRA 10/01/1285 KADAM SIDDHARTH~10/01/00128 |        |                 |        15000.00 |  6711043.71 Dr. |
 01-Feb-2017 | BY TRA 11/01/1831 MITHBOUKAR D C~10/01/001831 |        |                 |        19000.00 |  6692043.71 Dr. |
 01-Feb-2017 | BY TRA 10/01/1914 PAWAR SWAMINATH~10/01/00191 |        |                 |         3500.00 |  6688543.71 Dr. |
 01-Feb-2017 | BY TRA 10/01/1757 SONAVNE S B~10/01/001757/00 |        |                 |         3000.00 |  6685543.71 Dr. |
 01-Feb-2017 | BY TRA 10/01/1866 TAYDE UMESH~10/01/001866/00 |        |                 |        10500.00 |  6675043.71 Dr. |
 01-Feb-2017 | BY TRA 10/01/1854 GAIKWAD SANJAY~10/01/001854 |        |                 |         7000.00 |  6668043.71 Dr. |
 01-Feb-2017 | BY TRA 1864 PALAKIRTI /1909 SALVE UMESH~10/01 |        |                 |        23600.00 |  6644443.71 Dr. |
 02-Feb-2017 | BY SI:10\01\001681                            |        |                 |         9000.00 |  6635443.71 Dr. |
 02-Feb-2017 | BY SI:10\01\001910                            |        |                 |         8200.00 |  6627243.71 Dr. |
 02-Feb-2017 | BY SI:10\01\001911                            |        |                 |        11000.00 |  6616243.71 Dr. |
 02-Feb-2017 | BY SI:10\01\001862                            |        |                 |        10000.00 |  6606243.71 Dr. |
 02-Feb-2017 | BY SI:10\01\001907                            |        |                 |         7000.00 |  6599243.71 Dr. |
 02-Feb-2017 | TO CASH PRASHANT V KULKARNI                   |   2628 |        21000.00 |                 |  6620243.71 Dr. |
 02-Feb-2017 | BY CASH                                       |        |                 |        21000.00 |  6599243.71 Dr. |
 02-Feb-2017 | BY TRAN54/11/06/01 SHRI OM SAI COOP CR STY LT |        |                 |       160000.00 |  6439243.71 Dr. |
 03-Feb-2017 | TO CASH SUPRIYA S GAIKWAD                     |   2604 |        50000.00 |                 |  6489243.71 Dr. |
 03-Feb-2017 | TO - NATALINABDSOUZ - INABDSOUZ/8001008\2635  |   2635 |        26058.00 |                 |  6515301.71 Dr. |
 03-Feb-2017 | TO TRA 10/01/1727 MEHUL P RANVA~10/01/001727/ |   2641 |        80000.00 |                 |  6595301.71 Dr. |
 03-Feb-2017 | TO TR 30/11/06/12 SHRI OM SAI COOP CR STY~11/ |   2642 |        40000.00 |                 |  6635301.71 Dr. |
-----------------------------------------------------------------------------------------------------------------------------

                             MUMBAI DISTRICT CENTRAL CO-OP. BANK LTD.,0054-CHEMBUR COLONY BRANCH                             
              Om Sai Co-Op Credit Society Ltd, Shop No 4 AC,1247 School, Near Golf Club,Chembur ,Mumbai-400074               

Current Date  :13-Feb-2017                                                                                  UserId : REPORT54
Time : 13:04:04 PM                                                                                               Page :47 / 47
                                                    Statement Of Account                                                     
                                              From  01-Apr-2015  to  13-Feb-2017                                             

   Accountno :00541806000001
   Name: SHRI OM SAI COOP CR STY LTD
   Address :4 AC 1247 NEAR DUDHESHWAR MANDIR
   NEAR NATIONAL SARVODAYA HIGHSCHOOL,,DR.C.G.ROAD, CHEMBUR COLONY
   MUMBAI - 400074
   Limit:9630000                                 INR
   Joint Holder:
=============================================================================================================================
 Trans. Date | Particulars                                   | InstNo |      Debit Amt. |     Credit Amt. |         Balance |
=============================================================================================================================
 Opening Bal |                                                                                               6635301.71 Dr. |
 04-Feb-2017 | BY SI:10\01\001693                            |        |                 |         3500.00 |  6631801.71 Dr. |
 04-Feb-2017 | BY REN:-60/56/000007                          |        |                 |          999.00 |  6630802.71 Dr. |
 06-Feb-2017 | BY SI:10\01\001681                            |        |                 |         9000.00 |  6621802.71 Dr. |
 06-Feb-2017 | TO TRA 10/01/1966 CHANDRAKANT R BHISE~10/01/0 |   2644 |        21600.00 |                 |  6643402.71 Dr. |
 06-Feb-2017 | BY CLG BY CLG/652985/99900971/1839/032        | 652985 |                 |        13000.00 |  6630402.71 Dr. |
 06-Feb-2017 | TOM CASH SURESH D CHAVAN                      |   2614 |        37223.00 |                 |  6667625.71 Dr. |
 06-Feb-2017 | TO TRA11/06/01 SHREE OM SAI CO OP CR STY~11/0 |   2645 |       156000.00 |                 |  6823625.71 Dr. |
 07-Feb-2017 | TO CASH VANITA S SHENAR                       |   2648 |       100000.00 |                 |  6923625.71 Dr. |
 07-Feb-2017 | TO CASH VINOD B SATPUTE                       |   2649 |       100000.00 |                 |  7023625.71 Dr. |
 08-Feb-2017 | BY TRA HO ECS  KISHAN D WAGHELA~99/01/001200/ |        |                 |         3500.00 |  7020125.71 Dr. |
 08-Feb-2017 | BY TRA HO ECS SUNITA U KHARAT~99/01/001200/00 |        |                 |        12000.00 |  7008125.71 Dr. |
 08-Feb-2017 | By RTGS :DHANAJI NAMDEO MHATR                 |        |                 |       400000.00 |  6608125.71 Dr. |
 08-Feb-2017 | TO CASH DAYANAND S SHETTY                     |   2647 |        50200.00 |                 |  6658325.71 Dr. |
 08-Feb-2017 | TO CASH SATISH B PUNJA                        |   2439 |        50000.00 |                 |  6708325.71 Dr. |
 08-Feb-2017 | BY CASH                                       |        |                 |       100200.00 |  6608125.71 Dr. |
 08-Feb-2017 | TO TRA 10/01/05 YOGESH V GHUMRE~10/01/000005/ |   2651 |        50000.00 |                 |  6658125.71 Dr. |
 09-Feb-2017 | TO TRANSFER FIX LOAN INT 50/17/05~50/17/00000 |        |        11891.00 |                 |  6670016.71 Dr. |
 09-Feb-2017 | TO TRANSFER FIX LOAN INT 50/17/06~50/17/00000 |        |        42212.00 |                 |  6712228.71 Dr. |
 09-Feb-2017 | TO TRANSFER FIX LOAN INT 50/17/0707~50/17/000 |        |        38142.00 |                 |  6750370.71 Dr. |
 09-Feb-2017 | TO TRANSFER FIX LOAN INT 50/17/08~50/17/00000 |        |       189079.00 |                 |  6939449.71 Dr. |
 09-Feb-2017 | TO TR 10/01/2004 GAMARE AMITA~10/01/002004/00 |   2650 |       200000.00 |                 |  7139449.71 Dr. |
 09-Feb-2017 | BY CLG BY CLG/113718/99900974/1930/032        | 113718 |                 |        10500.00 |  7128949.71 Dr. |
 09-Feb-2017 | BY CLG BY CLG/1826/99900974/2017/032          |   1826 |                 |        31371.00 |  7097578.71 Dr. |
 09-Feb-2017 | BY TR 10/01/2004 GAMARE A S~10/01/002004/0054 |        |                 |        34000.00 |  7063578.71 Dr. |
 09-Feb-2017 | TO CASH D B NIKALYE                           |   2446 |       100000.00 |                 |  7163578.71 Dr. |
 09-Feb-2017 | TO CASH GURUNATH G MHASKE                     |   2652 |       100000.00 |                 |  7263578.71 Dr. |
 09-Feb-2017 | TO CASH DEVANAND R PATIL                      |   2653 |       100000.00 |                 |  7363578.71 Dr. |
 10-Feb-2017 | TO - BIND RAMLAL SITALAPRASA - IND RAMLAL SI  |   2646 |       425000.00 |                 |  7788578.71 Dr. |
 10-Feb-2017 | TO CASH VAIBHAV SHETYE                        |   2655 |       100000.00 |                 |  7888578.71 Dr. |
 13-Feb-2017 | BY:60/10/000024:TD INT CREDIT                 |        |                 |         1175.00 |  7887403.71 Dr. |
 13-Feb-2017 | BY:60/11/000028:TD INT CREDIT                 |        |                 |           54.00 |  7887349.71 Dr. |
 Closing Bal |                                                                                               7887349.71 Dr. |
=============================================================================================================================
     Total : |                                               |        |     99963101.00 |     92708060.00 |                 |
=============================================================================================================================
 Grand Total |                                               |        |     99963101.00 |     92708060.00 |                 |
=============================================================================================================================



  1) If there is any discrepancy in the above mentioned statement kindly let us know 
     within 10 days  from the date of receipt of the statement .   
  2) This is a computerised statement , hence no signature of the officials is necessary. 
   
   
   
   * We provide SMS Banking Facility. Register your mobile number with our Branch. 
     For further details please contact our Branch. 
   
   1) Account Balance Query : 
      Type SMS like MDCC< space >BQ< space ><14 digit account No>     & send it to 9222000404 
   
   2) Last Three Transactions : 
      Type SMS like MDCC< space >MS< space ><14 digit account No>     & send it to 9222000404 
   
   3) Cheque Status Enquiry : 
      Type SMS like MDCC< space >CS< space ><14 digit account No>     & send it to 9222000404
   
   4) To Block ATM Card : 
      Type SMS CARDBLOCK from your registered mobile no. & send it to 9222000404


